Details,Posting Date,Description,Amount,Type,Balance,Check or Slip #
DEBIT,02/21/2025,"ORIG CO NAME:KEY MERCHANT SVS CO ENTRY DESCR:DISCOUNT   SEC:CCD IND ID:896246463880    ORIG ID:2580215200",-2.20,ACH_DEBIT, ,,
DEBIT,02/21/2025,"Online Payment To  NR Rent 02/21",-978.00,BILLPAY, ,,
CREDIT,02/21/2025,"ORIG CO NAME:EASYPAY          CO ENTRY DESCR:MRCHNTSRVS SEC:CCD IND ID:896246463880    ORIG ID:1340797057",25.00,ACH_CREDIT, ,,
CREDIT,02/21/2025,"ORIG CO NAME:STRIPE           CO ENTRY DESCR:TRANSFER   SEC:CCD IND ID:ST-F5K1S3Y1A8N9 ORIG ID:1800948598",658.77,ACH_CREDIT, ,,
DEBIT,02/20/2025,"ORIG CO NAME:KEY MERCHANT SVS       ORIG ID:2580215200 DESC DATE:250219 CO ENTRY DESCR:DISCOUNT  SEC:CCD    TRACE#:041001037296362 EED:250220   IND ID:896246463880                 IND NAME:BOSTON PSYCHOLOGICAL T                                                                                       1-800-304-9856 TRN: 0517296362TC",-1.03,ACH_DEBIT,9063.70,,
CREDIT,02/20/2025,"ORIG CO NAME:STRIPE                 ORIG ID:1800948598 DESC DATE:       CO ENTRY DESCR:TRANSFER  SEC:CCD    TRACE#:091000013178709 EED:250220   IND ID:ST-X4C5G6R5N0E0              IND NAME:BOODAH INC TRN: 0513178709TC",487.57,ACH_CREDIT,9064.73,,
CREDIT,02/20/2025,"ORIG CO NAME:EASYPAY                ORIG ID:1340797057 DESC DATE:250219 CO ENTRY DESCR:MRCHNTSRVSSEC:CCD    TRACE#:041001033588120 EED:250220   IND ID:896246463880                 IND NAME:BOODAH INC TRN: 0513588120TC",1419.19,ACH_CREDIT,8577.16,,
DEBIT,02/19/2025,"ORIG CO NAME:PAYPAL                 ORIG ID:PAYPALSI77 DESC DATE:250219 CO ENTRY DESCR:INST XFER SEC:WEB    TRACE#:021000022671304 EED:250219   IND ID:PLAYSTATION                  IND NAME:BOODAH, INC                                                                                                  250219PPZM0D TRN: 0502671304TC",-49.59,MISC_DEBIT,7157.97,,
DEBIT,02/19/2025,"Zelle payment to Kathleen Crivello 23782485878",-477.50,QUICKPAY_DEBIT,7207.56,,
DEBIT,02/19/2025,"ORIG CO NAME:KEY MERCHANT SVS       ORIG ID:2580215200 DESC DATE:250218 CO ENTRY DESCR:DISCOUNT  SEC:CCD    TRACE#:041001035031067 EED:250219   IND ID:896246463880                 IND NAME:BOSTON PSYCHOLOGICAL T                                                                                       1-800-304-9856 TRN: 0505031067TC",-42.36,ACH_DEBIT,7685.06,,
CREDIT,02/19/2025,"ORIG CO NAME:MBHP Behav Z Val       ORIG ID:1043307857 DESC DATE:250214 CO ENTRY DESCR:HCCLAIMPMTSEC:CCD    TRACE#:111000022751822 EED:250219   IND ID:                             IND NAME:BOODAH INC                 TRN*1*0002191484*1541414194\ TRN: 0502751822TC",130.48,ACH_CREDIT,7727.42,,
CREDIT,02/19/2025,"ORIG CO NAME:STRIPE                 ORIG ID:1800948598 DESC DATE:       CO ENTRY DESCR:TRANSFER  SEC:CCD    TRACE#:091000017310918 EED:250219   IND ID:ST-R1I0Q6I8D1Q6              IND NAME:BOODAH INC TRN: 0507310918TC",145.35,ACH_CREDIT,7596.94,,
CREDIT,02/19/2025,"ORIG CO NAME:EASYPAY                ORIG ID:1340797057 DESC DATE:250218 CO ENTRY DESCR:MRCHNTSRVSSEC:CCD    TRACE#:041001031859373 EED:250219   IND ID:896246463880                 IND NAME:BOODAH INC TRN: 0501859373TC",290.00,ACH_CREDIT,7451.59,,
DEBIT,02/18/2025,"ORIG CO NAME:KEY MERCHANT SVS       ORIG ID:2580215200 DESC DATE:250216 CO ENTRY DESCR:DISCOUNT  SEC:CCD    TRACE#:041001036107531 EED:250218   IND ID:896246463880                 IND NAME:BOSTON PSYCHOLOGICAL T                                                                                       1-800-304-9856 TRN: 0496107531TC",-4.37,ACH_DEBIT,7161.59,,
DEBIT,02/18/2025,"ORIG CO NAME:KEY MERCHANT SVS       ORIG ID:2580215200 DESC DATE:250215 CO ENTRY DESCR:DISCOUNT  SEC:CCD    TRACE#:041001036107526 EED:250218   IND ID:896246463880                 IND NAME:BOSTON PSYCHOLOGICAL T                                                                                       1-800-304-9856 TRN: 0496107526TC",-6.78,ACH_DEBIT,7165.96,,
DEBIT,02/18/2025,"ORIG CO NAME:KEY MERCHANT SVS       ORIG ID:2580215200 DESC DATE:250217 CO ENTRY DESCR:DISCOUNT  SEC:CCD    TRACE#:041001036107533 EED:250218   IND ID:896246463880                 IND NAME:BOSTON PSYCHOLOGICAL T                                                                                       1-800-304-9856 TRN: 0496107533TC",-9.31,ACH_DEBIT,7172.74,,
DEBIT,02/18/2025,"ORIG CO NAME:KEY MERCHANT SVS       ORIG ID:2580215200 DESC DATE:250214 CO ENTRY DESCR:DISCOUNT  SEC:CCD    TRACE#:041001036107529 EED:250218   IND ID:896246463880                 IND NAME:BOSTON PSYCHOLOGICAL T                                                                                       1-800-304-9856 TRN: 0496107529TC",-13.46,ACH_DEBIT,7182.05,,
DEBIT,02/18/2025,"ORIG CO NAME:CAPITAL ONE            ORIG ID:9541719318 DESC DATE:250217 CO ENTRY DESCR:CRCARDPMT SEC:CCD    TRACE#:056073610556289 EED:250218   IND ID:42U74WQS92FFCAO              IND NAME:COLLEEN GALLICCHIO TRN: 0490556289TC",-5000.00,ACH_DEBIT,7195.51,,
DEBIT,02/18/2025,"ORIG CO NAME:PAYPAL                 ORIG ID:PAYPALSI77 DESC DATE:250216 CO ENTRY DESCR:INST XFER SEC:WEB    TRACE#:091000018864623 EED:250218   IND ID:PLAYSTATION                  IND NAME:BOODAH  INC                                                                                                  INSTANT TRANSFER TRN: 0498864623TC",-23.09,MISC_DEBIT,12195.51,,
DEBIT,02/18/2025,"ORIG CO NAME:BASTIONGPT.COM         ORIG ID:4270465600 DESC DATE:       CO ENTRY DESCR:BASTIONGPTSEC:WEB    TRACE#:111000028936972 EED:250218   IND ID:ST-S5N0E0Q1M9B6              IND NAME:COLLEEN LONG TRN: 0498936972TC",-45.00,MISC_DEBIT,12218.60,,
DEBIT,02/18/2025,"ORIG CO NAME:PAYPAL                 ORIG ID:PAYPALSI77 DESC DATE:250214 CO ENTRY DESCR:INST XFER SEC:WEB    TRACE#:091000016057409 EED:250218   IND ID:MCDONALDS 27923              IND NAME:BOODAH  INC                                                                                                  INSTANT TRANSFER TRN: 0496057409TC",-34.61,MISC_DEBIT,12263.60,,
CREDIT,02/18/2025,"ORIG CO NAME:COMM OF MASS           ORIG ID:A046002284 DESC DATE:250214 CO ENTRY DESCR:HCCLAIMPMTSEC:CCD    TRACE#:022000046419011 EED:250218   IND ID:VC0001203281                 IND NAME:BOODAH INC                 TRN*1*0000045I5000489*1046002284*10 6165149\                                      TREVENDOR TRN: 0496419011TC",49.92,ACH_CREDIT,12298.21,,
CREDIT,02/18/2025,"ORIG CO NAME:CIGNA                  ORIG ID:9751677627 DESC DATE:021325 CO ENTRY DESCR:HCCLAIMPMTSEC:CCD    TRACE#:091000016461955 EED:250218   IND ID:825169916                    IND NAME:/BOODAH INC                TRN*1*250213090060144*1411648670\ TRN: 0496461955TC",62.00,ACH_CREDIT,12248.29,,
CREDIT,02/18/2025,"ORIG CO NAME:EASYPAY                ORIG ID:1340797057 DESC DATE:250217 CO ENTRY DESCR:MRCHNTSRVSSEC:CCD    TRACE#:041001036106881 EED:250218   IND ID:896246463880                 IND NAME:BOODAH INC TRN: 0496106881TC",130.00,ACH_CREDIT,12186.29,,
CREDIT,02/18/2025,"ORIG CO NAME:Tufts Associated       ORIG ID:1042918943 DESC DATE:250214 CO ENTRY DESCR:HCCLAIMPMTSEC:CCD    TRACE#:011500125977344 EED:250218   IND ID:                             IND NAME:BOODAH, INC                TRN*1*006150863*1042918943\ TRN: 0495977344TC",163.56,ACH_CREDIT,12056.29,,
CREDIT,02/18/2025,"ORIG CO NAME:EASYPAY                ORIG ID:1340797057 DESC DATE:250216 CO ENTRY DESCR:MRCHNTSRVSSEC:CCD    TRACE#:041001036106874 EED:250218   IND ID:896246463880                 IND NAME:BOODAH INC TRN: 0496106874TC",192.47,ACH_CREDIT,11892.73,,
CREDIT,02/18/2025,"ORIG CO NAME:EASYPAY                ORIG ID:1340797057 DESC DATE:250215 CO ENTRY DESCR:MRCHNTSRVSSEC:CCD    TRACE#:041001036106864 EED:250218   IND ID:896246463880                 IND NAME:BOODAH INC TRN: 0496106864TC",360.46,ACH_CREDIT,11700.26,,
CREDIT,02/18/2025,"ORIG CO NAME:STRIPE                 ORIG ID:1800948598 DESC DATE:       CO ENTRY DESCR:TRANSFER  SEC:CCD    TRACE#:091000016935279 EED:250218   IND ID:ST-F5M6J5P1Y1O5              IND NAME:BOODAH INC TRN: 0496935279TC",731.30,ACH_CREDIT,11339.80,,
DEBIT,02/14/2025,"ORIG CO NAME:INTUIT 24251535        ORIG ID:4462800242 DESC DATE:250214 CO ENTRY DESCR:TAX       SEC:CCD    TRACE#:111000028475963 EED:250214   IND ID:9683333                      IND NAME:BOODAH INC TRN: 0458475963TC",-5947.24,ACH_DEBIT,10608.50,,
DEBIT,02/14/2025,"ORIG CO NAME:PAYPAL                 ORIG ID:PAYPALSI77 DESC DATE:250213 CO ENTRY DESCR:INST XFER SEC:WEB    TRACE#:091000016779386 EED:250214   IND ID:BYOUROWNBIL                  IND NAME:BOODAH  INC                                                                                                  INSTANT TRANSFER TRN: 0456779386TC",-45.00,MISC_DEBIT,16555.74,,
DEBIT,02/14/2025,"ORIG CO NAME:STRIPE                 ORIG ID:4270465600 DESC DATE:       CO ENTRY DESCR:TRANSFER  SEC:CCD    TRACE#:111000026557546 EED:250214   IND ID:ST-R1E3F0A7G3K0              IND NAME:BOODAH INC TRN: 0456557546TC",-149.06,ACH_DEBIT,16600.74,,
DEBIT,02/14/2025,"ORIG CO NAME:INTUIT 52117972        ORIG ID:4462800242 DESC DATE:250214 CO ENTRY DESCR:PAYROLL   SEC:CCD    TRACE#:111000026936499 EED:250214   IND ID:9683333                      IND NAME:BOODAH INC- BOSTON PSY TRN: 0456936499TC",-287.77,ACH_DEBIT,16749.80,,
DEBIT,02/14/2025,"ORIG CO NAME:INTUIT 52113332        ORIG ID:4462800242 DESC DATE:250214 CO ENTRY DESCR:PAYROLL   SEC:CCD    TRACE#:111000026943798 EED:250214   IND ID:9683333                      IND NAME:BOODAH INC- BOSTON PSY TRN: 0456943798TC",-294.46,ACH_DEBIT,17037.57,,
DEBIT,02/14/2025,"ORIG CO NAME:PAYROLL                ORIG ID:4462800242 DESC DATE:250214 CO ENTRY DESCR:PAYROLL   SEC:CCD    TRACE#:111000026913629 EED:250214   IND ID:9683333                      IND NAME:BOODAH INC TRN: 0456913629TC",-312.34,ACH_DEBIT,17332.03,,
DEBIT,02/14/2025,"ORIG CO NAME:INTUIT 52117972        ORIG ID:4462800242 DESC DATE:250214 CO ENTRY DESCR:PAYROLL   SEC:CCD    TRACE#:111000026936503 EED:250214   IND ID:9683333                      IND NAME:BOODAH INC- BOSTON PSY TRN: 0456936503TC",-572.71,ACH_DEBIT,17644.37,,
DEBIT,02/14/2025,"ORIG CO NAME:INTUIT 52117972        ORIG ID:4462800242 DESC DATE:250214 CO ENTRY DESCR:PAYROLL   SEC:CCD    TRACE#:111000026936504 EED:250214   IND ID:9683333                      IND NAME:BOODAH INC- BOSTON PSY TRN: 0456936504TC",-671.47,ACH_DEBIT,18217.08,,
DEBIT,02/14/2025,"ORIG CO NAME:INTUIT 52117972        ORIG ID:4462800242 DESC DATE:250214 CO ENTRY DESCR:PAYROLL   SEC:CCD    TRACE#:111000026936501 EED:250214   IND ID:9683333                      IND NAME:BOODAH INC- BOSTON PSY TRN: 0456936501TC",-966.25,ACH_DEBIT,18888.55,,
DEBIT,02/14/2025,"ORIG CO NAME:INTUIT 52113332        ORIG ID:4462800242 DESC DATE:250214 CO ENTRY DESCR:PAYROLL   SEC:CCD    TRACE#:111000026943796 EED:250214   IND ID:9683333                      IND NAME:BOODAH INC- BOSTON PSY TRN: 0456943796TC",-1007.14,ACH_DEBIT,19854.80,,
DEBIT,02/14/2025,"ORIG CO NAME:INTUIT 52117972        ORIG ID:4462800242 DESC DATE:250214 CO ENTRY DESCR:PAYROLL   SEC:CCD    TRACE#:111000026936500 EED:250214   IND ID:9683333                      IND NAME:BOODAH INC- BOSTON PSY TRN: 0456936500TC",-1102.02,ACH_DEBIT,20861.94,,
DEBIT,02/14/2025,"ORIG CO NAME:INTUIT 52117972        ORIG ID:4462800242 DESC DATE:250214 CO ENTRY DESCR:PAYROLL   SEC:CCD    TRACE#:111000026936502 EED:250214   IND ID:9683333                      IND NAME:BOODAH INC- BOSTON PSY TRN: 0456936502TC",-1605.82,ACH_DEBIT,21963.96,,
DEBIT,02/14/2025,"ORIG CO NAME:INTUIT 52113332        ORIG ID:4462800242 DESC DATE:250214 CO ENTRY DESCR:PAYROLL   SEC:CCD    TRACE#:111000026943797 EED:250214   IND ID:9683333                      IND NAME:BOODAH INC- BOSTON PSY TRN: 0456943797TC",-1988.69,ACH_DEBIT,23569.78,,
DEBIT,02/14/2025,"ORIG CO NAME:INTUIT 52113332        ORIG ID:4462800242 DESC DATE:250214 CO ENTRY DESCR:PAYROLL   SEC:CCD    TRACE#:111000026943795 EED:250214   IND ID:9683333                      IND NAME:BOODAH INC- BOSTON PSY TRN: 0456943795TC",-2042.48,ACH_DEBIT,25558.47,,
DEBIT,02/14/2025,"ORIG CO NAME:PAYROLL                ORIG ID:4462800242 DESC DATE:250214 CO ENTRY DESCR:PAYROLL   SEC:CCD    TRACE#:111000026913628 EED:250214   IND ID:9683333                      IND NAME:BOODAH INC TRN: 0456913628TC",-2290.00,ACH_DEBIT,27600.95,,
DEBIT,02/14/2025,"ORIG CO NAME:INTUIT 52113332        ORIG ID:4462800242 DESC DATE:250214 CO ENTRY DESCR:PAYROLL   SEC:CCD    TRACE#:111000026943794 EED:250214   IND ID:9683333                      IND NAME:BOODAH INC- BOSTON PSY TRN: 0456943794TC",-4956.16,ACH_DEBIT,29890.95,,
CREDIT,02/14/2025,"ORIG CO NAME:NGS, INC.              ORIG ID:I351840597 DESC DATE:250212 CO ENTRY DESCR:HCCLAIMPMTSEC:CCD    TRACE#:042000016820498 EED:250214   IND ID:1104390525                   IND NAME:BOODAH, INC                TRN*1*896310500*1351840597~                                                       MEDICARE B OF NE TRN: 0456820498TC",92.82,ACH_CREDIT,34847.11,,
CREDIT,02/14/2025,"ORIG CO NAME:WELLPOINT 05C          ORIG ID:0365BA293A DESC DATE:       CO ENTRY DESCR:HCCLAIMPMTSEC:CCD    TRACE#:111000026880535 EED:250214   IND ID:3263741672                   IND NAME:BOODAH  INC                TRN*1*3263741672*1520913817\                                                      EDI PAYMENT TRN: 0456880535TC",95.81,ACH_CREDIT,34754.29,,
CREDIT,02/14/2025,"ORIG CO NAME:HPHC EFT CLEARI        ORIG ID:8042452600 DESC DATE:250212 CO ENTRY DESCR:HCCLAIMPMTSEC:CCD    TRACE#:051000017276497 EED:250214   IND ID:                             IND NAME:BOODAH INC                 TRN*1*502433350*1042452600*HPHC\ TRN: 0457276497TC",106.42,ACH_CREDIT,34658.48,,
CREDIT,02/14/2025,"ORIG CO NAME:TUFTS ASSOCIATED       ORIG ID:4800721489 DESC DATE:250212 CO ENTRY DESCR:HCCLAIMPMTSEC:CCD    TRACE#:111000026664341 EED:250214   IND ID:                             IND NAME:BOODAH INC                 TRN*1*71187345*1042674079\ TRN: 0456664341TC",1278.55,ACH_CREDIT,34552.06,,
CREDIT,02/13/2025,"ORIG CO NAME:EASYPAY                ORIG ID:1340797057 DESC DATE:250212 CO ENTRY DESCR:MRCHNTSRVSSEC:CCD    TRACE#:041001034044827 EED:250213   IND ID:896246463880                 IND NAME:BOODAH INC TRN: 0444044827TC",135.00,ACH_CREDIT,33273.51,,
CREDIT,02/13/2025,"ORIG CO NAME:STRIPE                 ORIG ID:1800948598 DESC DATE:       CO ENTRY DESCR:TRANSFER  SEC:CCD    TRACE#:091000013987601 EED:250213   IND ID:ST-O1M1Y5L8H5E2              IND NAME:BOODAH INC TRN: 0443987601TC",193.60,ACH_CREDIT,33138.51,,
CREDIT,02/13/2025,"Zelle payment from MICHAEL GALLICCHIO 23714122257",2000.00,QUICKPAY_CREDIT,32944.91,,
DEBIT,02/12/2025,"ORIG CO NAME:PAYPAL                 ORIG ID:PAYPALSI77 DESC DATE:250212 CO ENTRY DESCR:INST XFER SEC:WEB    TRACE#:021000024804765 EED:250212   IND ID:STARBUCKS                    IND NAME:BOODAH, INC                                                                                                  250212PPZ7TT TRN: 0434804765TC",-40.00,MISC_DEBIT,30944.91,,
DEBIT,02/12/2025,"ORIG CO NAME:KEY MERCHANT SVS       ORIG ID:2580215200 DESC DATE:250211 CO ENTRY DESCR:DISCOUNT  SEC:CCD    TRACE#:041001039499574 EED:250212   IND ID:896246463880                 IND NAME:BOSTON PSYCHOLOGICAL T                                                                                       1-800-304-9856 TRN: 0439499574TC",-4.82,ACH_DEBIT,30984.91,,
DEBIT,02/12/2025,"ORIG CO NAME:AEGON USA              ORIG ID:1420947998 DESC DATE:SEP 05 CO ENTRY DESCR:CONTRIBUTESEC:CCD    TRACE#:091000018410179 EED:250212   IND ID:20250211922BZJ               IND NAME:935014    00000            20250211922BZJ4696945654377560028CO RP TRN: 0438410179TC",-21.72,ACH_DEBIT,30989.73,,
DEBIT,02/12/2025,"ORIG CO NAME:AEGON USA              ORIG ID:1420947998 DESC DATE:SEP 05 CO ENTRY DESCR:CONTRIBUTESEC:CCD    TRACE#:091000018410183 EED:250212   IND ID:20250211922BZ4               IND NAME:935014    00000            20250211922BZ44696945654377560028CO RP TRN: 0438410183TC",-24.92,ACH_DEBIT,31011.45,,
CREDIT,02/12/2025,"ORIG CO NAME:STRIPE                 ORIG ID:1800948598 DESC DATE:       CO ENTRY DESCR:TRANSFER  SEC:CCD    TRACE#:091000018550766 EED:250212   IND ID:ST-T3R9M6E3U7D7              IND NAME:BOODAH INC TRN: 0438550766TC",726.75,ACH_CREDIT,31036.37,,
CREDIT,02/12/2025,"Online Transfer from CHK ...9759 transaction#: 23706064184",2000.00,ACCT_XFER,30309.62,,
CREDIT,02/12/2025,"Zelle payment from MICHAEL GALLICCHIO 23706151798",2000.00,QUICKPAY_CREDIT,28309.62,,
CREDIT,02/12/2025,"ORIG CO NAME:BCBS OF MASS           ORIG ID:1041045815 DESC DATE:020725 CO ENTRY DESCR:HCCLAIMPMTSEC:CCD    TRACE#:091000018511137 EED:250212   IND ID:741612099                    IND NAME:70020000LMG471             TRN*1*741612099*1041045815\ TRN: 0438511137TC",2084.94,ACH_CREDIT,26309.62,,
DEBIT,02/11/2025,"ORIG CO NAME:AEGON USA              ORIG ID:1420947998 DESC DATE:SEP 05 CO ENTRY DESCR:CONTRIBUTESEC:CCD    TRACE#:091000013815393 EED:250211   IND ID:20250207922KFP               IND NAME:935014    00000            20250207922KFP4696945654377560028CO RP TRN: 0423815393TC",-2230.55,ACH_DEBIT,24224.68,,
CREDIT,02/11/2025,"ORIG CO NAME:NGS, INC.              ORIG ID:I351840597 DESC DATE:250207 CO ENTRY DESCR:HCCLAIMPMTSEC:CCD    TRACE#:042000014999938 EED:250211   IND ID:1104390525                   IND NAME:BOODAH, INC                TRN*1*896297850*1351840597~                                                       MEDICARE B OF NE TRN: 0424999938TC",76.97,ACH_CREDIT,26455.23,,
CREDIT,02/11/2025,"ORIG CO NAME:Carelon Behav Z        ORIG ID:3043324848 DESC DATE:250207 CO ENTRY DESCR:HCCLAIMPMTSEC:CCD    TRACE#:011500125006819 EED:250211   IND ID:                             IND NAME:BOODAH INC                 TRN*1*8101014*1043324848\ TRN: 0425006819TC",251.38,ACH_CREDIT,26378.26,,
CREDIT,02/11/2025,"ORIG CO NAME:MBHP Behav Z Val       ORIG ID:1043307857 DESC DATE:250207 CO ENTRY DESCR:HCCLAIMPMTSEC:CCD    TRACE#:111000025006752 EED:250211   IND ID:                             IND NAME:BOODAH INC                 TRN*1*0002190024*1541414194\ TRN: 0425006752TC",251.38,ACH_CREDIT,26126.88,,
CREDIT,02/11/2025,"ORIG CO NAME:STRIPE                 ORIG ID:1800948598 DESC DATE:       CO ENTRY DESCR:TRANSFER  SEC:CCD    TRACE#:091000013898756 EED:250211   IND ID:ST-O5W8E8M0N7G0              IND NAME:BOODAH INC TRN: 0423898756TC",1506.60,ACH_CREDIT,25875.50,,
DEBIT,02/10/2025,"ORIG CO NAME:KEY MERCHANT SVS       ORIG ID:2580215200 DESC DATE:250208 CO ENTRY DESCR:DISCOUNT  SEC:CCD    TRACE#:041001038680661 EED:250210   IND ID:896246463880                 IND NAME:BOSTON PSYCHOLOGICAL T                                                                                       1-800-304-9856 TRN: 0418680661TC",-5.39,ACH_DEBIT,24368.90,,
DEBIT,02/10/2025,"ORIG CO NAME:KEY MERCHANT SVS       ORIG ID:2580215200 DESC DATE:250207 CO ENTRY DESCR:DISCOUNT  SEC:CCD    TRACE#:041001038680658 EED:250210   IND ID:896246463880                 IND NAME:BOSTON PSYCHOLOGICAL T                                                                                       1-800-304-9856 TRN: 0418680658TC",-8.13,ACH_DEBIT,24374.29,,
DEBIT,02/10/2025,"ORIG CO NAME:CAPITAL ONE            ORIG ID:9279744380 DESC DATE:250208 CO ENTRY DESCR:MOBILE PMTSEC:CCD    TRACE#:056073610405874 EED:250210   IND ID:42SB80BT1WML1XC              IND NAME:COLLEEN GALLICCHIO TRN: 0410405874TC",-7000.00,ACH_DEBIT,24382.42,,
DEBIT,02/10/2025,"ORIG CO NAME:VENMO                  ORIG ID:3264681992 DESC DATE:250207 CO ENTRY DESCR:PAYMENT   SEC:WEB    TRACE#:091000015634311 EED:250210   IND ID:1040138998254                IND NAME:COLLEEN GALLICCHIO TRN: 0415634311TC",-273.03,MISC_DEBIT,31382.42,,
DEBIT,02/10/2025,"ORIG CO NAME:THE HARTFORD           ORIG ID:9942902727 DESC DATE:       CO ENTRY DESCR:INSPMTCL  SEC:CCD    TRACE#:051000019392945 EED:250210   IND ID:15801127                     IND NAME:BOODAH INC                                                                                                   NWTBS CL SCIC ACH C TRN: 0419392945TC",-504.71,ACH_DEBIT,31655.45,,
DEBIT,02/10/2025,"ORIG CO NAME:VENMO                  ORIG ID:3264681992 DESC DATE:250207 CO ENTRY DESCR:PAYMENT   SEC:WEB    TRACE#:091000015634363 EED:250210   IND ID:1040139011392                IND NAME:COLLEEN GALLICCHIO TRN: 0415634363TC",-1043.75,MISC_DEBIT,32160.16,,
DEBIT,02/10/2025,"ORIG CO NAME:AEGON USA              ORIG ID:1420947998 DESC DATE:SEP 05 CO ENTRY DESCR:CONTRIBUTESEC:CCD    TRACE#:091000015516348 EED:250210   IND ID:20250207922JQT               IND NAME:935014    00000            20250207922JQT4696945654377560028CO RP TRN: 0415516348TC",-1943.09,ACH_DEBIT,33203.91,,
CREDIT,02/10/2025,"ORIG CO NAME:COMM OF MASS           ORIG ID:A046002284 DESC DATE:250207 CO ENTRY DESCR:HCCLAIMPMTSEC:CCD    TRACE#:022000040364590 EED:250210   IND ID:VC0001203281                 IND NAME:BOODAH INC                 TRN*1*0000038I5000471*1046002284*10 6157868\                                      TREVENDOR TRN: 0410364590TC",25.15,ACH_CREDIT,35147.00,,
CREDIT,02/10/2025,"ORIG CO NAME:STRIPE                 ORIG ID:1800948598 DESC DATE:       CO ENTRY DESCR:TRANSFER  SEC:CCD    TRACE#:091000010174345 EED:250210   IND ID:ST-K4K4Y5X7E7U9              IND NAME:BOODAH INC TRN: 0410174345TC",136.05,ACH_CREDIT,35121.85,,
CREDIT,02/10/2025,"ORIG CO NAME:EASYPAY                ORIG ID:1340797057 DESC DATE:250209 CO ENTRY DESCR:MRCHNTSRVSSEC:CCD    TRACE#:041001038680625 EED:250210   IND ID:896246463880                 IND NAME:BOODAH INC TRN: 0418680625TC",165.00,ACH_CREDIT,34985.80,,
CREDIT,02/10/2025,"ORIG CO NAME:EASYPAY                ORIG ID:1340797057 DESC DATE:250208 CO ENTRY DESCR:MRCHNTSRVSSEC:CCD    TRACE#:041001038680614 EED:250210   IND ID:896246463880                 IND NAME:BOODAH INC TRN: 0418680614TC",239.00,ACH_CREDIT,34820.80,,
CREDIT,02/10/2025,"ORIG CO NAME:EASYPAY                ORIG ID:1340797057 DESC DATE:250207 CO ENTRY DESCR:MRCHNTSRVSSEC:CCD    TRACE#:041001036065103 EED:250210   IND ID:896246463880                 IND NAME:BOODAH INC TRN: 0416065103TC",395.48,ACH_CREDIT,34581.80,,
DEBIT,02/07/2025,"ORIG CO NAME:KEY MERCHANT SVS       ORIG ID:2580215200 DESC DATE:250206 CO ENTRY DESCR:DISCOUNT  SEC:CCD    TRACE#:041001034619303 EED:250207   IND ID:896246463880                 IND NAME:BOSTON PSYCHOLOGICAL T                                                                                       1-800-304-9856 TRN: 0384619303TC",-12.37,ACH_DEBIT,34186.32,,
DEBIT,02/07/2025,"ORIG CO NAME:PAY PLUS               ORIG ID:5452579291 DESC DATE:250206 CO ENTRY DESCR:ACHTrans  SEC:CCD    TRACE#:101000694401632 EED:250207   IND ID:54676298                     IND NAME:Default debit account      FeeTransfer REF#54676298                                                          PPSACCOUNT TRN: 0384401632TC",-3.84,ACH_DEBIT,34198.69,,
DEBIT,02/07/2025,"ORIG CO NAME:AEGON USA              ORIG ID:1420947998 DESC DATE:SEP 05 CO ENTRY DESCR:CONTRIBUTESEC:CCD    TRACE#:091000014654947 EED:250207   IND ID:20250206922K22               IND NAME:935014    00000            20250206922K224696945654377560028CO RP TRN: 0384654947TC",-747.81,ACH_DEBIT,34202.53,,
CREDIT,02/07/2025,"ORIG CO NAME:EASYPAY                ORIG ID:1340797057 DESC DATE:250206 CO ENTRY DESCR:MRCHNTSRVSSEC:CCD    TRACE#:041001034533684 EED:250207   IND ID:896246463880                 IND NAME:BOODAH INC TRN: 0384533684TC",25.00,ACH_CREDIT,34950.34,,
CREDIT,02/07/2025,"ORIG CO NAME:HPHC INSURANCE         ORIG ID:2043149694 DESC DATE:250205 CO ENTRY DESCR:HCCLAIMPMTSEC:CCD    TRACE#:051000016696988 EED:250207   IND ID:                             IND NAME:BOODAH INC                 TRN*1*3007505107*1043149694*HPHC\ TRN: 0386696988TC",139.98,ACH_CREDIT,34925.34,,
CREDIT,02/07/2025,"ORIG CO NAME:HPHC EFT CLEARI        ORIG ID:8042452600 DESC DATE:250205 CO ENTRY DESCR:HCCLAIMPMTSEC:CCD    TRACE#:051000016696976 EED:250207   IND ID:                             IND NAME:BOODAH INC                 TRN*1*502424521*1042452600*HPHC\ TRN: 0386696976TC",247.84,ACH_CREDIT,34785.36,,
CREDIT,02/07/2025,"ORIG CO NAME:STRIPE                 ORIG ID:1800948598 DESC DATE:       CO ENTRY DESCR:TRANSFER  SEC:CCD    TRACE#:091000013900893 EED:250207   IND ID:ST-U7R5U8U3L1S9              IND NAME:BOODAH INC TRN: 0383900893TC",1354.56,ACH_CREDIT,34537.52,,
CREDIT,02/07/2025,"ORIG CO NAME:WELLPOINT 05C          ORIG ID:0365BA293A DESC DATE:       CO ENTRY DESCR:HCCLAIMPMTSEC:CCD    TRACE#:111000026457422 EED:250207   IND ID:3263125812                   IND NAME:BOODAH  INC                TRN*1*3263125812*1520913817\                                                      EDI PAYMENT TRN: 0386457422TC",2394.89,ACH_CREDIT,33182.96,,
CREDIT,02/07/2025,"ORIG CO NAME:TUFTS ASSOCIATED       ORIG ID:4800721489 DESC DATE:250204 CO ENTRY DESCR:HCCLAIMPMTSEC:CCD    TRACE#:111000026485687 EED:250207   IND ID:                             IND NAME:BOODAH INC                 TRN*1*71183050*1042674079\ TRN: 0386485687TC",7089.74,ACH_CREDIT,30788.07,,
DEBIT,02/06/2025,"ORIG CO NAME:CAPITAL ONE            ORIG ID:9279744380 DESC DATE:250206 CO ENTRY DESCR:MOBILE PMTSEC:CCD    TRACE#:021000022900238 EED:250206   IND ID:42RW9CUHAMS3RPC              IND NAME:COLLEEN GALLICCHIO TRN: 0372900238TC",-5000.00,ACH_DEBIT,23698.33,,
DEBIT,02/06/2025,"ORIG CO NAME:KEY MERCHANT SVS       ORIG ID:2580215200 DESC DATE:250205 CO ENTRY DESCR:DISCOUNT  SEC:CCD    TRACE#:041001039013150 EED:250206   IND ID:896246463880                 IND NAME:BOSTON PSYCHOLOGICAL T                                                                                       1-800-304-9856 TRN: 0379013150TC",-1.03,ACH_DEBIT,28698.33,,
DEBIT,02/06/2025,"ORIG CO NAME:EVERSOURCE             ORIG ID:1202042013 DESC DATE:FEB 25 CO ENTRY DESCR:WEB_PAY   SEC:WEB    TRACE#:111000026527726 EED:250206   IND ID:75519205011625               IND NAME:COLLEEN GALLICCHIO TRN: 0376527726TC",-21.00,ACH_DEBIT,28699.36,,
CREDIT,02/06/2025,"ORIG CO NAME:EASYPAY                ORIG ID:1340797057 DESC DATE:250205 CO ENTRY DESCR:MRCHNTSRVSSEC:CCD    TRACE#:041001035709187 EED:250206   IND ID:896246463880                 IND NAME:BOODAH INC TRN: 0375709187TC",90.00,ACH_CREDIT,28720.36,,
CREDIT,02/06/2025,"ORIG CO NAME:AETNA A04              ORIG ID:1066033492 DESC DATE:       CO ENTRY DESCR:HCCLAIMPMTSEC:CCD    TRACE#:031100204473415 EED:250206   IND ID:1104390525                   IND NAME:BOODAH INC                 TRN*1*825034000074891*1066033492\ TRN: 0374473415TC",114.08,ACH_CREDIT,28630.36,,
CREDIT,02/06/2025,"ORIG CO NAME:PAY PLUS               ORIG ID:9391995276 DESC DATE:250206 CO ENTRY DESCR:HCCLAIMPMTSEC:CCD    TRACE#:021000025946270 EED:250206   IND ID:825169916                    IND NAME:COLLEEN LONG GALLACCHI     TRN*1*616263177*1391995276\                                                       PPSACCOUNT TRN: 0375946270TC",201.96,ACH_CREDIT,28516.28,,
CREDIT,02/06/2025,"ORIG CO NAME:STRIPE                 ORIG ID:1800948598 DESC DATE:       CO ENTRY DESCR:TRANSFER  SEC:CCD    TRACE#:091000014961998 EED:250206   IND ID:ST-C1F8S0X9J5L9              IND NAME:BOODAH INC TRN: 0374961998TC",567.22,ACH_CREDIT,28314.32,,
CREDIT,02/06/2025,"ORIG CO NAME:MBHP Behav Z Val       ORIG ID:1043307857 DESC DATE:250204 CO ENTRY DESCR:HCCLAIMPMTSEC:CCD    TRACE#:111000024475520 EED:250206   IND ID:                             IND NAME:BOODAH INC                 TRN*1*0002189267*1541414194\ TRN: 0374475520TC",649.84,ACH_CREDIT,27747.10,,
CREDIT,02/06/2025,"ORIG CO NAME:Carelon Behav Z        ORIG ID:2043324848 DESC DATE:250205 CO ENTRY DESCR:HCCLAIMPMTSEC:CCD    TRACE#:011500125673802 EED:250206   IND ID:                             IND NAME:BOODAH INC                 TRN*1*8094702*1043324848\ TRN: 0375673802TC",1328.87,ACH_CREDIT,27097.26,,
CREDIT,02/06/2025,"ORIG CO NAME:Carelon Behav Z        ORIG ID:2043324848 DESC DATE:250205 CO ENTRY DESCR:HCCLAIMPMTSEC:CCD    TRACE#:011500125673804 EED:250206   IND ID:                             IND NAME:BOODAH INC                 TRN*1*8099557*1043324848\ TRN: 0375673804TC",2657.74,ACH_CREDIT,25768.39,,
DEBIT,02/05/2025,"ORIG CO NAME:KEY MERCHANT SVS       ORIG ID:2580215200 DESC DATE:250204 CO ENTRY DESCR:DISCOUNT  SEC:CCD    TRACE#:041001036272780 EED:250205   IND ID:896246463880                 IND NAME:BOSTON PSYCHOLOGICAL T                                                                                       1-800-304-9856 TRN: 0366272780TC",-2.91,ACH_DEBIT,23110.65,,
DEBIT,02/05/2025,"Zelle payment to Cindy JPM99ax67bso",-450.00,CHASE_TO_PARTNERFI,23113.56,,
DEBIT,02/05/2025,"ORIG CO NAME:PAYPAL                 ORIG ID:PAYPALSI77 DESC DATE:250204 CO ENTRY DESCR:INST XFER SEC:WEB    TRACE#:091000015593089 EED:250205   IND ID:WALMART COM                  IND NAME:BOODAH  INC                                                                                                  INSTANT TRANSFER TRN: 0365593089TC",-14.40,MISC_DEBIT,23563.56,,
DEBIT,02/05/2025,"ORIG CO NAME:PAYPAL                 ORIG ID:PAYPALSI77 DESC DATE:250204 CO ENTRY DESCR:INST XFER SEC:WEB    TRACE#:091000015603415 EED:250205   IND ID:WALMART COM                  IND NAME:BOODAH  INC                                                                                                  INSTANT TRANSFER TRN: 0365603415TC",-269.15,MISC_DEBIT,23577.96,,
DEBIT,02/05/2025,"ORIG CO NAME:EVERSOURCE             ORIG ID:1202042013 DESC DATE:FEB 25 CO ENTRY DESCR:WEB_PAY   SEC:WEB    TRACE#:111000027085927 EED:250205   IND ID:75508608011625               IND NAME:COLLEEN GALLICCHIO TRN: 0367085927TC",-319.85,ACH_DEBIT,23847.11,,
CREDIT,02/05/2025,"ORIG CO NAME:PAYPAL                 ORIG ID:PAYPALSD11 DESC DATE:250204 CO ENTRY DESCR:TRANSFER  SEC:PPD    TRACE#:091000015342617 EED:250205   IND ID:                             IND NAME:BOODAH  INC TRN: 0365342617TC",4.50,MISC_CREDIT,24166.96,,
CREDIT,02/05/2025,"ORIG CO NAME:PAYPAL                 ORIG ID:PAYPALSD11 DESC DATE:250204 CO ENTRY DESCR:TRANSFER  SEC:PPD    TRACE#:091000015342610 EED:250205   IND ID:                             IND NAME:BOODAH  INC TRN: 0365342610TC",9.83,MISC_CREDIT,24162.46,,
CREDIT,02/05/2025,"ORIG CO NAME:EASYPAY                ORIG ID:1340797057 DESC DATE:250204 CO ENTRY DESCR:MRCHNTSRVSSEC:CCD    TRACE#:041001035817759 EED:250205   IND ID:896246463880                 IND NAME:BOODAH INC TRN: 0365817759TC",20.00,ACH_CREDIT,24152.63,,
CREDIT,02/05/2025,"ORIG CO NAME:UNITED BEHAVIORA       ORIG ID:1805600001 DESC DATE:       CO ENTRY DESCR:HCCLAIMPMTSEC:CCD    TRACE#:124384876871636 EED:250205   IND ID:825169916                    IND NAME:Boodah Inc                 TRN*1*25031B1000011628*1411289245*0 00087726\ TRN: 0366871636TC",122.09,ACH_CREDIT,24132.63,,
CREDIT,02/05/2025,"ORIG CO NAME:UNITED BEHAVIORA       ORIG ID:1805600001 DESC DATE:       CO ENTRY DESCR:HCCLAIMPMTSEC:CCD    TRACE#:124384876871838 EED:250205   IND ID:825169916                    IND NAME:Boodah Inc                 TRN*1*25031B1000013594*1411289245*0 00087726\ TRN: 0366871838TC",138.26,ACH_CREDIT,24010.54,,
CREDIT,02/05/2025,"ORIG CO NAME:GEHA UMR               ORIG ID:1440545275 DESC DATE:       CO ENTRY DESCR:HCCLAIMPMTSEC:CCD    TRACE#:124384876873060 EED:250205   IND ID:825169916                    IND NAME:Boodah Inc                 TRN*1*CN17428117171475028562952*139 1995276*0000UMR01\ TRN: 0366873060TC",181.96,ACH_CREDIT,23872.28,,
CREDIT,02/05/2025,"ORIG CO NAME:UNITED BEHAVIORA       ORIG ID:1805600001 DESC DATE:       CO ENTRY DESCR:HCCLAIMPMTSEC:CCD    TRACE#:124384876871932 EED:250205   IND ID:825169916                    IND NAME:Boodah Inc                 TRN*1*25031B1000013682*1411289245*0 00087726\ TRN: 0366871932TC",276.52,ACH_CREDIT,23690.32,,
CREDIT,02/05/2025,"ORIG CO NAME:BCBS OF MASS           ORIG ID:1041045815 DESC DATE:013125 CO ENTRY DESCR:HCCLAIMPMTSEC:CCD    TRACE#:091000017944626 EED:250205   IND ID:741554948                    IND NAME:70020000LMG471             TRN*1*741554948*1041045815\ TRN: 0367944626TC",371.30,ACH_CREDIT,23413.80,,
CREDIT,02/05/2025,"ORIG CO NAME:STRIPE                 ORIG ID:1800948598 DESC DATE:       CO ENTRY DESCR:TRANSFER  SEC:CCD    TRACE#:091000015505071 EED:250205   IND ID:ST-I8Z7L8B7F9E6              IND NAME:BOODAH INC TRN: 0365505071TC",5112.55,ACH_CREDIT,23042.50,,
DEBIT,02/04/2025,"ORIG CO NAME:KEY MERCHANT SVS       ORIG ID:2580215200 DESC DATE:250203 CO ENTRY DESCR:DISCOUNT  SEC:CCD    TRACE#:041001030694178 EED:250204   IND ID:896246463880                 IND NAME:BOSTON PSYCHOLOGICAL T                                                                                       1-800-304-9856 TRN: 0350694178TC",-0.88,ACH_DEBIT,17929.95,,
DEBIT,02/04/2025,"ORIG CO NAME:Qualifacts Syste       ORIG ID:0000512692 DESC DATE:       CO ENTRY DESCR:VSP*QualifSEC:CCD    TRACE#:096016934466835 EED:250204   IND ID:17268408                     IND NAME:Colleen Gallicchio                                                                                           6153866755 TRN: 0354466835TC",-442.23,ACH_DEBIT,17930.83,,
DEBIT,02/04/2025,"ORIG CO NAME:Qualifacts Syste       ORIG ID:0000512692 DESC DATE:       CO ENTRY DESCR:VSP*QualifSEC:CCD    TRACE#:096016934466833 EED:250204   IND ID:17268249                     IND NAME:Colleen Gallicchio                                                                                           6153866755 TRN: 0354466833TC",-1556.43,ACH_DEBIT,18373.06,,
DEBIT,02/04/2025,"ORIG CO NAME:Innago LLC             ORIG ID:945440567  DESC DATE:       CO ENTRY DESCR:Innago LLCSEC:WEB    TRACE#:273976367415838 EED:250204   IND ID:      IAZMJ88NY              IND NAME:Colleen Long TRN: 0357415838TC",-730.00,ACH_DEBIT,19929.49,,
DEBIT,02/04/2025,"ORIG CO NAME:Innago LLC             ORIG ID:945440567  DESC DATE:       CO ENTRY DESCR:Innago LLCSEC:WEB    TRACE#:273976367415839 EED:250204   IND ID:      I25V9JBVR              IND NAME:Colleen Long TRN: 0357415839TC",-902.00,ACH_DEBIT,20659.49,,
DEBIT,02/04/2025,"ORIG CO NAME:HOOVER AND COMPA       ORIG ID:271714485  DESC DATE:       CO ENTRY DESCR:ACH CollecSEC:CCD    TRACE#:082907271026838 EED:250204   IND ID:757651                       IND NAME:Boodah Psych TRN: 0351026838TC",-935.00,ACH_DEBIT,21561.49,,
DEBIT,02/04/2025,"Online Transfer to CHK ...9759 transaction#: 23610908214 02/04",-2500.00,ACCT_XFER,22496.49,,
CREDIT,02/04/2025,"ORIG CO NAME:Carelon Behav Z        ORIG ID:3043324848 DESC DATE:250131 CO ENTRY DESCR:HCCLAIMPMTSEC:CCD    TRACE#:011500121050915 EED:250204   IND ID:                             IND NAME:BOODAH INC                 TRN*1*8093936*1043324848\ TRN: 0351050915TC",125.69,ACH_CREDIT,24996.49,,
CREDIT,02/04/2025,"ORIG CO NAME:MBHP Behav Z Val       ORIG ID:1043307857 DESC DATE:250131 CO ENTRY DESCR:HCCLAIMPMTSEC:CCD    TRACE#:111000021049737 EED:250204   IND ID:                             IND NAME:BOODAH INC                 TRN*1*0002188524*1541414194\ TRN: 0351049737TC",777.37,ACH_CREDIT,24870.80,,
CREDIT,02/04/2025,"ORIG CO NAME:STRIPE                 ORIG ID:1800948598 DESC DATE:       CO ENTRY DESCR:TRANSFER  SEC:CCD    TRACE#:091000018077401 EED:250204   IND ID:ST-H0T2P5W7S9H0              IND NAME:BOODAH INC TRN: 0358077401TC",1414.41,ACH_CREDIT,24093.43,,
DEBIT,02/03/2025,"ORIG CO NAME:KEY MERCHANT SVS       ORIG ID:2580215200 DESC DATE:250202 CO ENTRY DESCR:FEE       SEC:CCD    TRACE#:041001033310661 EED:250203   IND ID:896246463880                 IND NAME:BOSTON PSYCHOLOGICAL T                                                                                       1-800-304-9856 TRN: 0343310661TC",-37.00,ACH_DEBIT,22679.02,,
CHECK,02/03/2025,"CHECK 320  ",-200.00,CHECK_PAID,22716.02,320,
DEBIT,02/03/2025,"ORIG CO NAME:PAYPAL                 ORIG ID:PAYPALSI77 DESC DATE:250202 CO ENTRY DESCR:INST XFER SEC:WEB    TRACE#:091000010787314 EED:250203   IND ID:STARBUCKS                    IND NAME:BOODAH  INC                                                                                                  INSTANT TRANSFER TRN: 0340787314TC",-45.00,MISC_DEBIT,22916.02,,
DEBIT,02/03/2025,"ORIG CO NAME:PAYPAL                 ORIG ID:PAYPALSI77 DESC DATE:250201 CO ENTRY DESCR:INST XFER SEC:WEB    TRACE#:091000017522269 EED:250203   IND ID:SPOTIFYUSAI                  IND NAME:BOODAH  INC                                                                                                  INSTANT TRANSFER TRN: 0347522269TC",-19.99,MISC_DEBIT,22961.02,,
DEBIT,02/03/2025,"ORIG CO NAME:VENMO                  ORIG ID:3264681992 DESC DATE:250131 CO ENTRY DESCR:PAYMENT   SEC:WEB    TRACE#:091000011760806 EED:250203   IND ID:1039987516732                IND NAME:COLLEEN GALLICCHIO TRN: 0341760806TC",-80.00,MISC_DEBIT,22981.01,,
CREDIT,02/03/2025,"ORIG CO NAME:EASYPAY                ORIG ID:1340797057 DESC DATE:250131 CO ENTRY DESCR:MRCHNTSRVSSEC:CCD    TRACE#:041001030465095 EED:250203   IND ID:896246463880                 IND NAME:BOODAH INC TRN: 0340465095TC",150.00,ACH_CREDIT,23061.01,,
CREDIT,02/03/2025,"ORIG CO NAME:STRIPE                 ORIG ID:1800948598 DESC DATE:       CO ENTRY DESCR:TRANSFER  SEC:CCD    TRACE#:091000016372133 EED:250203   IND ID:ST-L6V6I4O9I8G2              IND NAME:BOODAH INC TRN: 0346372133TC",1274.05,ACH_CREDIT,22911.01,,
DEBIT,01/31/2025,"MONTHLY SERVICE FEE",-15.00,FEE_TRANSACTION,21636.96,,
DEBIT,01/31/2025,"ORIG CO NAME:KEY MERCHANT SVS       ORIG ID:2580215200 DESC DATE:250130 CO ENTRY DESCR:DISCOUNT  SEC:CCD    TRACE#:041001036161277 EED:250131   IND ID:896246463880                 IND NAME:BOSTON PSYCHOLOGICAL T                                                                                       1-800-304-9856 TRN: 0316161277TC",-4.65,ACH_DEBIT,21651.96,,
DEBIT,01/31/2025,"Online Payment 23227613862 To Bus Rev Crdt 4002 01/31",-600.00,LOAN_PMT,21656.61,,
DEBIT,01/31/2025,"ORIG CO NAME:INTUIT 52781953        ORIG ID:4462800242 DESC DATE:250131 CO ENTRY DESCR:TAX       SEC:CCD    TRACE#:111000023123692 EED:250131   IND ID:9683333                      IND NAME:BOODAH INC TRN: 0313123692TC",-5337.32,ACH_DEBIT,22256.61,,
DEBIT,01/31/2025,"ORIG CO NAME:INTUIT 50978051        ORIG ID:4462800242 DESC DATE:250131 CO ENTRY DESCR:PAYROLL   SEC:CCD    TRACE#:111000021953620 EED:250131   IND ID:9683333                      IND NAME:BOODAH INC- BOSTON PSY TRN: 0311953620TC",-20.00,ACH_DEBIT,27593.93,,
DEBIT,01/31/2025,"ORIG CO NAME:PAYPAL                 ORIG ID:PAYPALSI77 DESC DATE:250130 CO ENTRY DESCR:INST XFER SEC:WEB    TRACE#:091000011804775 EED:250131   IND ID:CODINGADVAN                  IND NAME:BOODAH  INC                                                                                                  INSTANT TRANSFER TRN: 0311804775TC",-117.50,MISC_DEBIT,27613.93,,
DEBIT,01/31/2025,"ORIG CO NAME:INTUIT 50970346        ORIG ID:4462800242 DESC DATE:250131 CO ENTRY DESCR:PAYROLL   SEC:CCD    TRACE#:111000021923256 EED:250131   IND ID:9683333                      IND NAME:BOODAH INC- BOSTON PSY TRN: 0311923256TC",-208.58,ACH_DEBIT,27731.43,,
DEBIT,01/31/2025,"ORIG CO NAME:INTUIT 50970346        ORIG ID:4462800242 DESC DATE:250131 CO ENTRY DESCR:PAYROLL   SEC:CCD    TRACE#:111000021923257 EED:250131   IND ID:9683333                      IND NAME:BOODAH INC- BOSTON PSY TRN: 0311923257TC",-339.81,ACH_DEBIT,27940.01,,
DEBIT,01/31/2025,"ORIG CO NAME:INTUIT 50978051        ORIG ID:4462800242 DESC DATE:250131 CO ENTRY DESCR:PAYROLL   SEC:CCD    TRACE#:111000021953619 EED:250131   IND ID:9683333                      IND NAME:BOODAH INC- BOSTON PSY TRN: 0311953619TC",-402.23,ACH_DEBIT,28279.82,,
DEBIT,01/31/2025,"ORIG CO NAME:INTUIT 50862024        ORIG ID:4462800242 DESC DATE:250131 CO ENTRY DESCR:PAYROLL   SEC:CCD    TRACE#:111000021927315 EED:250131   IND ID:9683333                      IND NAME:BOODAH INC- BOSTON PSY TRN: 0311927315TC",-420.44,ACH_DEBIT,28682.05,,
DEBIT,01/31/2025,"ORIG CO NAME:PAYROLL                ORIG ID:4462800242 DESC DATE:250131 CO ENTRY DESCR:PAYROLL   SEC:CCD    TRACE#:111000021946823 EED:250131   IND ID:9683333                      IND NAME:BOODAH INC TRN: 0311946823TC",-449.27,ACH_DEBIT,29102.49,,
DEBIT,01/31/2025,"ORIG CO NAME:INTUIT 50970346        ORIG ID:4462800242 DESC DATE:250131 CO ENTRY DESCR:PAYROLL   SEC:CCD    TRACE#:111000021923258 EED:250131   IND ID:9683333                      IND NAME:BOODAH INC- BOSTON PSY TRN: 0311923258TC",-792.89,ACH_DEBIT,29551.76,,
DEBIT,01/31/2025,"ORIG CO NAME:INTUIT 50970346        ORIG ID:4462800242 DESC DATE:250131 CO ENTRY DESCR:PAYROLL   SEC:CCD    TRACE#:111000021923259 EED:250131   IND ID:9683333                      IND NAME:BOODAH INC- BOSTON PSY TRN: 0311923259TC",-931.58,ACH_DEBIT,30344.65,,
DEBIT,01/31/2025,"ORIG CO NAME:INTUIT 51005662        ORIG ID:4462800242 DESC DATE:250131 CO ENTRY DESCR:PAYROLL   SEC:CCD    TRACE#:111000021937453 EED:250131   IND ID:9683333                      IND NAME:BOODAH INC- BOSTON PSY TRN: 0311937453TC",-974.99,ACH_DEBIT,31276.23,,
DEBIT,01/31/2025,"ORIG CO NAME:INTUIT 50862024        ORIG ID:4462800242 DESC DATE:250131 CO ENTRY DESCR:PAYROLL   SEC:CCD    TRACE#:111000021927317 EED:250131   IND ID:9683333                      IND NAME:BOODAH INC- BOSTON PSY TRN: 0311927317TC",-1008.79,ACH_DEBIT,32251.22,,
DEBIT,01/31/2025,"ORIG CO NAME:INTUIT 50862024        ORIG ID:4462800242 DESC DATE:250131 CO ENTRY DESCR:PAYROLL   SEC:CCD    TRACE#:111000021927313 EED:250131   IND ID:9683333                      IND NAME:BOODAH INC- BOSTON PSY TRN: 0311927313TC",-1254.83,ACH_DEBIT,33260.01,,
DEBIT,01/31/2025,"ORIG CO NAME:INTUIT 50970346        ORIG ID:4462800242 DESC DATE:250131 CO ENTRY DESCR:PAYROLL   SEC:CCD    TRACE#:111000021923255 EED:250131   IND ID:9683333                      IND NAME:BOODAH INC- BOSTON PSY TRN: 0311923255TC",-1546.20,ACH_DEBIT,34514.84,,
DEBIT,01/31/2025,"ORIG CO NAME:INTUIT 50862024        ORIG ID:4462800242 DESC DATE:250131 CO ENTRY DESCR:PAYROLL   SEC:CCD    TRACE#:111000021927312 EED:250131   IND ID:9683333                      IND NAME:BOODAH INC- BOSTON PSY TRN: 0311927312TC",-1675.69,ACH_DEBIT,36061.04,,
DEBIT,01/31/2025,"ORIG CO NAME:INTUIT 50862024        ORIG ID:4462800242 DESC DATE:250131 CO ENTRY DESCR:PAYROLL   SEC:CCD    TRACE#:111000021927314 EED:250131   IND ID:9683333                      IND NAME:BOODAH INC- BOSTON PSY TRN: 0311927314TC",-1675.91,ACH_DEBIT,37736.73,,
DEBIT,01/31/2025,"ORIG CO NAME:INTUIT 50862024        ORIG ID:4462800242 DESC DATE:250131 CO ENTRY DESCR:PAYROLL   SEC:CCD    TRACE#:111000021927318 EED:250131   IND ID:9683333                      IND NAME:BOODAH INC- BOSTON PSY TRN: 0311927318TC",-1969.56,ACH_DEBIT,39412.64,,
DEBIT,01/31/2025,"ORIG CO NAME:INTUIT 50862024        ORIG ID:4462800242 DESC DATE:250131 CO ENTRY DESCR:PAYROLL   SEC:CCD    TRACE#:111000021927316 EED:250131   IND ID:9683333                      IND NAME:BOODAH INC- BOSTON PSY TRN: 0311927316TC",-2042.47,ACH_DEBIT,41382.20,,
DEBIT,01/31/2025,"ORIG CO NAME:PAYROLL                ORIG ID:4462800242 DESC DATE:250131 CO ENTRY DESCR:PAYROLL   SEC:CCD    TRACE#:111000021946822 EED:250131   IND ID:9683333                      IND NAME:BOODAH INC TRN: 0311946822TC",-2170.00,ACH_DEBIT,43424.67,,
DEBIT,01/31/2025,"Payment to Chase card ending in 1548 01/31",-6000.00,LOAN_PMT,45594.67,,
CREDIT,01/31/2025,"ORIG CO NAME:STRIPE                 ORIG ID:1800948598 DESC DATE:       CO ENTRY DESCR:TRANSFER  SEC:CCD    TRACE#:091000011379271 EED:250131   IND ID:ST-I3H8I8B5W9J4              IND NAME:BOODAH INC TRN: 0311379271TC",930.36,ACH_CREDIT,51594.67,,
CREDIT,01/31/2025,"ORIG CO NAME:UNITED BEHAVIORA       ORIG ID:1805600001 DESC DATE:       CO ENTRY DESCR:HCCLAIMPMTSEC:CCD    TRACE#:124384872199647 EED:250131   IND ID:825169916                    IND NAME:Boodah Inc                 TRN*1*25028B1000013081*1411289245*0 00087726\ TRN: 0312199647TC",1193.99,ACH_CREDIT,50664.31,,
CREDIT,01/31/2025,"ORIG CO NAME:HPHC EFT CLEARI        ORIG ID:8042452600 DESC DATE:250129 CO ENTRY DESCR:HCCLAIMPMTSEC:CCD    TRACE#:051000010002363 EED:250131   IND ID:                             IND NAME:BOODAH INC                 TRN*1*502416513*1042452600*HPHC\ TRN: 0310002363TC",1284.89,ACH_CREDIT,49470.32,,
DEBIT,01/30/2025,"ORIG CO NAME:VENMO                  ORIG ID:3264681992 DESC DATE:250129 CO ENTRY DESCR:PAYMENT   SEC:WEB    TRACE#:091000013972154 EED:250130   IND ID:1039945104478                IND NAME:COLLEEN GALLICCHIO TRN: 0303972154TC",-500.00,MISC_DEBIT,48185.43,,
CREDIT,01/30/2025,"ORIG CO NAME:EASYPAY                ORIG ID:1340797057 DESC DATE:250129 CO ENTRY DESCR:MRCHNTSRVSSEC:CCD    TRACE#:041001034353192 EED:250130   IND ID:896246463880                 IND NAME:BOODAH INC TRN: 0304353192TC",5.00,ACH_CREDIT,48685.43,,
CREDIT,01/30/2025,"ORIG CO NAME:AETNA A04              ORIG ID:1066033492 DESC DATE:       CO ENTRY DESCR:HCCLAIMPMTSEC:CCD    TRACE#:031100205476478 EED:250130   IND ID:1104390525                   IND NAME:BOODAH INC                 TRN*1*825027000162669*1066033492\ TRN: 0305476478TC",114.08,ACH_CREDIT,48680.43,,
CREDIT,01/30/2025,"ORIG CO NAME:Carelon Behav Z        ORIG ID:2043324848 DESC DATE:250129 CO ENTRY DESCR:HCCLAIMPMTSEC:CCD    TRACE#:011500124423873 EED:250130   IND ID:                             IND NAME:BOODAH INC                 TRN*1*8085649*1043324848\ TRN: 0304423873TC",504.60,ACH_CREDIT,48566.35,,
CREDIT,01/30/2025,"ORIG CO NAME:STRIPE                 ORIG ID:1800948598 DESC DATE:       CO ENTRY DESCR:TRANSFER  SEC:CCD    TRACE#:091000014885100 EED:250130   IND ID:ST-R2X3M5Z7Z2U3              IND NAME:BOODAH INC TRN: 0304885100TC",1104.94,ACH_CREDIT,48061.75,,
CREDIT,01/30/2025,"ORIG CO NAME:UNITEDHEALTHCARE       ORIG ID:1411289245 DESC DATE:       CO ENTRY DESCR:HCCLAIMPMTSEC:CCD    TRACE#:124384876025616 EED:250130   IND ID:825169916                    IND NAME:Boodah Inc                 TRN*1*W311750179*1411289245*0000877 26\ TRN: 0306025616TC",1293.82,ACH_CREDIT,46956.81,,
DEBIT,01/29/2025,"ORIG CO NAME:KEY MERCHANT SVS       ORIG ID:2580215200 DESC DATE:250128 CO ENTRY DESCR:DISCOUNT  SEC:CCD    TRACE#:041001037664609 EED:250129   IND ID:896246463880                 IND NAME:BOSTON PSYCHOLOGICAL T                                                                                       1-800-304-9856 TRN: 0297664609TC",-0.45,ACH_DEBIT,45662.99,,
DEBIT,01/29/2025,"ORIG CO NAME:BASTIONGPT.COM         ORIG ID:4270465600 DESC DATE:       CO ENTRY DESCR:BASTIONGPTSEC:WEB    TRACE#:111000022855535 EED:250129   IND ID:ST-Y0W9V7H9T2E4              IND NAME:COLLEEN LONG TRN: 0292855535TC",-15.19,MISC_DEBIT,45663.44,,
DEBIT,01/29/2025,"ORIG CO NAME:TESLA FINANCE LL       ORIG ID:Z912197729 DESC DATE:B25028 CO ENTRY DESCR:TESLA FINASEC:PPD    TRACE#:091000012475525 EED:250129   IND ID:                             IND NAME:COLLEEN GALLICCHIO TRN: 0292475525TC",-1456.08,MISC_DEBIT,45678.63,,
CREDIT,01/29/2025,"ORIG CO NAME:UNITED BEHAVIORA       ORIG ID:1805600001 DESC DATE:       CO ENTRY DESCR:HCCLAIMPMTSEC:CCD    TRACE#:124384877445901 EED:250129   IND ID:825169916                    IND NAME:Boodah Inc                 TRN*1*25024B1000011281*1411289245*0 00087726\ TRN: 0297445901TC",143.53,ACH_CREDIT,47134.71,,
CREDIT,01/29/2025,"ORIG CO NAME:STRIPE                 ORIG ID:1800948598 DESC DATE:       CO ENTRY DESCR:TRANSFER  SEC:CCD    TRACE#:091000012940736 EED:250129   IND ID:ST-O2D9Y4J8B2A1              IND NAME:BOODAH INC TRN: 0292940736TC",2072.46,ACH_CREDIT,46991.18,,
CREDIT,01/29/2025,"ORIG CO NAME:BCBS OF MASS           ORIG ID:1041045815 DESC DATE:012425 CO ENTRY DESCR:HCCLAIMPMTSEC:CCD    TRACE#:091000011155733 EED:250129   IND ID:741500614                    IND NAME:70020000LMG471             TRN*1*741500614*1041045815\ TRN: 0291155733TC",6714.76,ACH_CREDIT,44918.72,,
DEBIT,01/28/2025,"VERIZON*RECURRING PAY 800-VERIZON FL         01/28",-95.60,DEBIT_CARD,38203.96,,
CREDIT,01/28/2025,"ORIG CO NAME:NGS, INC.              ORIG ID:I351840597 DESC DATE:250123 CO ENTRY DESCR:HCCLAIMPMTSEC:CCD    TRACE#:042000013512296 EED:250128   IND ID:1104390525                   IND NAME:BOODAH, INC                TRN*1*896258725*1351840597~                                                       MEDICARE B OF NE TRN: 0283512296TC",138.05,ACH_CREDIT,38299.56,,
CREDIT,01/28/2025,"ORIG CO NAME:Carelon Behav Z        ORIG ID:3043324848 DESC DATE:250124 CO ENTRY DESCR:HCCLAIMPMTSEC:CCD    TRACE#:011500123537390 EED:250128   IND ID:                             IND NAME:BOODAH INC                 TRN*1*8085019*1043324848\ TRN: 0283537390TC",633.24,ACH_CREDIT,38161.51,,
CREDIT,01/28/2025,"ORIG CO NAME:MBHP Behav Z Val       ORIG ID:1043307857 DESC DATE:250124 CO ENTRY DESCR:HCCLAIMPMTSEC:CCD    TRACE#:111000023508170 EED:250128   IND ID:                             IND NAME:BOODAH INC                 TRN*1*0002187040*1541414194\ TRN: 0283508170TC",1363.80,ACH_CREDIT,37528.27,,
CREDIT,01/28/2025,"ORIG CO NAME:STRIPE                 ORIG ID:1800948598 DESC DATE:       CO ENTRY DESCR:TRANSFER  SEC:CCD    TRACE#:091000018737112 EED:250128   IND ID:ST-S0E6Q4T7U6G5              IND NAME:BOODAH INC TRN: 0288737112TC",2363.93,ACH_CREDIT,36164.47,,
CHECK,01/27/2025,"CHECK 116  ",-200.00,CHECK_PAID,33800.54,116,
DEBIT,01/27/2025,"ORIG CO NAME:KEY MERCHANT SVS       ORIG ID:2580215200 DESC DATE:250124 CO ENTRY DESCR:DISCOUNT  SEC:CCD    TRACE#:041001036313174 EED:250127   IND ID:896246463880                 IND NAME:BOSTON PSYCHOLOGICAL T                                                                                       1-800-304-9856 TRN: 0276313174TC",-2.48,ACH_DEBIT,34000.54,,
DEBIT,01/27/2025,"ORIG CO NAME:ANTHEM BLUE I01O       ORIG ID:CP35214571 DESC DATE:       CO ENTRY DESCR:CORP PYMT SEC:CCD    TRACE#:111000022124808 EED:250127   IND ID:FL00032961                   IND NAME:CLARITY CALIFORNIA PSY                                                                                       EDI PAYMENT TRN: 0272124808TC",-6515.77,ACH_DEBIT,34003.02,,
DEBIT,01/27/2025,"ORIG CO NAME:PAYPAL                 ORIG ID:PAYPALSI77 DESC DATE:250126 CO ENTRY DESCR:INST XFER SEC:WEB    TRACE#:091000015048051 EED:250127   IND ID:DISNEY PLUS                  IND NAME:BOODAH  INC                                                                                                  INSTANT TRANSFER TRN: 0275048051TC",-19.99,MISC_DEBIT,40518.79,,
DEBIT,01/27/2025,"ORIG CO NAME:PAYPAL                 ORIG ID:PAYPALCRYP DESC DATE:250125 CO ENTRY DESCR:TRANSFER  SEC:WEB    TRACE#:091000014553807 EED:250127   IND ID:COINBASEINC                  IND NAME:BOODAH  INC TRN: 0274553807TC",-100.00,MISC_DEBIT,40538.78,,
DEBIT,01/27/2025,"ORIG CO NAME:PAYPAL                 ORIG ID:PAYPALSI77 DESC DATE:250125 CO ENTRY DESCR:INST XFER SEC:WEB    TRACE#:091000014920884 EED:250127   IND ID:LINKEDIN                     IND NAME:BOODAH  INC                                                                                                  INSTANT TRANSFER TRN: 0274920884TC",-169.99,MISC_DEBIT,40638.78,,
DEBIT,01/27/2025,"ORIG CO NAME:INTUIT 41758825        ORIG ID:4462800242 DESC DATE:250127 CO ENTRY DESCR:TAX       SEC:CCD    TRACE#:111000025086012 EED:250127   IND ID:9683333                      IND NAME:BOODAH INC TRN: 0275086012TC",-170.76,ACH_DEBIT,40808.77,,
DEBIT,01/27/2025,"ORIG CO NAME:INTUIT 49898164        ORIG ID:4462800242 DESC DATE:250127 CO ENTRY DESCR:PAYROLL   SEC:CCD    TRACE#:111000021744905 EED:250127   IND ID:9683333                      IND NAME:BOODAH INC- BOSTON PSY TRN: 0271744905TC",-17.32,ACH_DEBIT,40979.53,,
DEBIT,01/27/2025,"ORIG CO NAME:PAYPAL                 ORIG ID:PAYPALSI77 DESC DATE:250124 CO ENTRY DESCR:INST XFER SEC:WEB    TRACE#:091000018316431 EED:250127   IND ID:NETFLIX.COM                  IND NAME:BOODAH  INC                                                                                                  INSTANT TRANSFER TRN: 0278316431TC",-22.99,MISC_DEBIT,40996.85,,
DEBIT,01/27/2025,"ORIG CO NAME:PAYROLL                ORIG ID:4462800242 DESC DATE:250127 CO ENTRY DESCR:PAYROLL   SEC:CCD    TRACE#:111000021744610 EED:250127   IND ID:9683333                      IND NAME:BOODAH INC TRN: 0271744610TC",-33.90,ACH_DEBIT,41019.84,,
DEBIT,01/27/2025,"ORIG CO NAME:PAYROLL                ORIG ID:4462800242 DESC DATE:250127 CO ENTRY DESCR:PAYROLL   SEC:CCD    TRACE#:111000021744609 EED:250127   IND ID:9683333                      IND NAME:BOODAH INC TRN: 0271744609TC",-308.50,ACH_DEBIT,41053.74,,
DEBIT,01/27/2025,"ORIG CO NAME:INTUIT 50163880        ORIG ID:4462800242 DESC DATE:250127 CO ENTRY DESCR:PAYROLL   SEC:CCD    TRACE#:111000021746630 EED:250127   IND ID:9683333                      IND NAME:BOODAH INC- BOSTON PSY TRN: 0271746630TC",-567.00,ACH_DEBIT,41362.24,,
DEBIT,01/27/2025,"ORIG CO NAME:AEGON USA              ORIG ID:1420947998 DESC DATE:SEP 05 CO ENTRY DESCR:CONTRIBUTESEC:CCD    TRACE#:091000011462734 EED:250127   IND ID:20250123922P5X               IND NAME:935014    00000            20250123922P5X4696945654377560028CO RP TRN: 0271462734TC",-1229.12,ACH_DEBIT,41929.24,,
CREDIT,01/27/2025,"ORIG CO NAME:COMM OF MASS           ORIG ID:A046002284 DESC DATE:250124 CO ENTRY DESCR:HCCLAIMPMTSEC:CCD    TRACE#:022000048323028 EED:250127   IND ID:VC0001203281                 IND NAME:BOODAH INC                 TRN*1*0000024I5010355*1046002284*10 6143684\                                      TREVENDOR TRN: 0278323028TC",16.64,ACH_CREDIT,43158.36,,
CREDIT,01/27/2025,"ORIG CO NAME:EASYPAY                ORIG ID:1340797057 DESC DATE:250125 CO ENTRY DESCR:INSTFUNDINSEC:CCD    TRACE#:041001036313131 EED:250127   IND ID:896246463880                 IND NAME:BOODAH INC TRN: 0276313131TC",75.00,ACH_CREDIT,43141.72,,
CREDIT,01/27/2025,"ORIG CO NAME:UNITED BEHAVIORA       ORIG ID:1805600001 DESC DATE:       CO ENTRY DESCR:HCCLAIMPMTSEC:CCD    TRACE#:124384876946239 EED:250127   IND ID:825169916                    IND NAME:Boodah Inc                 TRN*1*25022B1000015218*1411289245*0 00087726\ TRN: 0276946239TC",1185.28,ACH_CREDIT,43066.72,,
CREDIT,01/27/2025,"ORIG CO NAME:UNITED BEHAVIORA       ORIG ID:1805600001 DESC DATE:       CO ENTRY DESCR:HCCLAIMPMTSEC:CCD    TRACE#:124384876946063 EED:250127   IND ID:825169916                    IND NAME:Boodah Inc                 TRN*1*25022B1000015220*1411289245*0 00087726\ TRN: 0276946063TC",1185.28,ACH_CREDIT,41881.44,,
CREDIT,01/27/2025,"ORIG CO NAME:STRIPE                 ORIG ID:1800948598 DESC DATE:       CO ENTRY DESCR:TRANSFER  SEC:CCD    TRACE#:091000014436856 EED:250127   IND ID:ST-M2L5O1V6F2Z7              IND NAME:BOODAH INC TRN: 0274436856TC",1731.69,ACH_CREDIT,40696.16,,
CREDIT,01/27/2025,"ORIG CO NAME:Carelon Behav Z        ORIG ID:2043324848 DESC DATE:250124 CO ENTRY DESCR:HCCLAIMPMTSEC:CCD    TRACE#:011500121365571 EED:250127   IND ID:                             IND NAME:BOODAH INC                 TRN*1*8082536*1043324848\ TRN: 0271365571TC",1976.48,ACH_CREDIT,38964.47,,
DEBIT,01/24/2025,"Online Payment 23157567444 To Bus Rev Crdt 4002 01/24",-5625.00,LOAN_PMT,36987.99,,
DEBIT,01/24/2025,"Online Payment 22488616289 To LINCOLN NATIONAL LIFE INS CO 01/24",-89.74,BILLPAY,42612.99,,
DEBIT,01/24/2025,"Online Payment 23145010308 To Pacific Realty Trust 01/24",-978.00,BILLPAY,42702.73,,
CREDIT,01/24/2025,"ORIG CO NAME:NGS, INC.              ORIG ID:I351840597 DESC DATE:250121 CO ENTRY DESCR:HCCLAIMPMTSEC:CCD    TRACE#:042000019198400 EED:250124   IND ID:1104390525                   IND NAME:BOODAH, INC                TRN*1*896253261*1351840597~                                                       MEDICARE B OF NE TRN: 0249198400TC",91.45,ACH_CREDIT,43680.73,,
CREDIT,01/24/2025,"ORIG CO NAME:EASYPAY                ORIG ID:1340797057 DESC DATE:250123 CO ENTRY DESCR:INSTFUNDINSEC:CCD    TRACE#:041001034928228 EED:250124   IND ID:896246463880                 IND NAME:BOODAH INC TRN: 0244928228TC",201.96,ACH_CREDIT,43589.28,,
CREDIT,01/24/2025,"ORIG CO NAME:TUFTS ASSOCIATED       ORIG ID:4800721489 DESC DATE:250122 CO ENTRY DESCR:HCCLAIMPMTSEC:CCD    TRACE#:111000029017294 EED:250124   IND ID:                             IND NAME:BOODAH INC                 TRN*1*71175626*1042674079\ TRN: 0249017294TC",1077.49,ACH_CREDIT,43387.32,,
CREDIT,01/24/2025,"ORIG CO NAME:HPHC EFT CLEARI        ORIG ID:8042452600 DESC DATE:250122 CO ENTRY DESCR:HCCLAIMPMTSEC:CCD    TRACE#:051000017251309 EED:250124   IND ID:                             IND NAME:BOODAH INC                 TRN*1*502408437*1042452600*HPHC\ TRN: 0247251309TC",5399.13,ACH_CREDIT,42309.83,,
DEBIT,01/23/2025,"ORIG CO NAME:KEY MERCHANT SVS       ORIG ID:2580215200 DESC DATE:250122 CO ENTRY DESCR:DISCOUNT  SEC:CCD    TRACE#:041001031823439 EED:250123   IND ID:896246463880                 IND NAME:BOSTON PSYCHOLOGICAL T                                                                                       1-800-304-9856 TRN: 0231823439TC",-6.16,ACH_DEBIT,36910.70,,
DEBIT,01/23/2025,"ORIG CO NAME:PAYPAL                 ORIG ID:PAYPALSI77 DESC DATE:250122 CO ENTRY DESCR:INST XFER SEC:WEB    TRACE#:091000019827476 EED:250123   IND ID:MCDONALDS 27923              IND NAME:BOODAH  INC                                                                                                  INSTANT TRANSFER TRN: 0239827476TC",-6.76,MISC_DEBIT,36916.86,,
DEBIT,01/23/2025,"ORIG CO NAME:ADVS ED SERV PPD       ORIG ID:9102001101 DESC DATE:250122 CO ENTRY DESCR:STUDNTLOANSEC:PPD    TRACE#:041036049664640 EED:250123   IND ID:                             IND NAME:COLLEEN F GALLICCHIO TRN: 0239664640TC",-483.42,ACH_DEBIT,36923.62,,
CREDIT,01/23/2025,"ORIG CO NAME:AETNA AS01             ORIG ID:1066033492 DESC DATE:       CO ENTRY DESCR:HCCLAIMPMTSEC:CCD    TRACE#:051000012015793 EED:250123   IND ID:1104390525                   IND NAME:BOODAH INC                 TRN*1*825020000224453*1066033492\ TRN: 0232015793TC",104.08,ACH_CREDIT,37407.04,,
CREDIT,01/23/2025,"ORIG CO NAME:HUMANA GOVT BUSI       ORIG ID:2610647538 DESC DATE:012125 CO ENTRY DESCR:HCCLAIMPMTSEC:CCD    TRACE#:111000020995209 EED:250123   IND ID:2238909331                   IND NAME:BOODAH INC                 TRN*1*2238909331*1611241225*WPSEAST   \ TRN: 0230995209TC",138.89,ACH_CREDIT,37302.96,,
CREDIT,01/23/2025,"ORIG CO NAME:EASYPAY                ORIG ID:1340797057 DESC DATE:250122 CO ENTRY DESCR:INSTFUNDINSEC:CCD    TRACE#:041001030083237 EED:250123   IND ID:896246463880                 IND NAME:BOODAH INC TRN: 0230083237TC",143.48,ACH_CREDIT,37164.07,,
CREDIT,01/23/2025,"ORIG CO NAME:AETNA A04              ORIG ID:1066033492 DESC DATE:       CO ENTRY DESCR:HCCLAIMPMTSEC:CCD    TRACE#:031100202094917 EED:250123   IND ID:1104390525                   IND NAME:BOODAH INC                 TRN*1*825020000224452*1066033492\ TRN: 0232094917TC",167.17,ACH_CREDIT,37020.59,,
CREDIT,01/23/2025,"ORIG CO NAME:BCBS OF MASS           ORIG ID:1041045815 DESC DATE:011725 CO ENTRY DESCR:HCCLAIMPMTSEC:CCD    TRACE#:091000011077052 EED:250123   IND ID:741446090                    IND NAME:70020000LMG471             TRN*1*741446090*1041045815\ TRN: 0231077052TC",854.12,ACH_CREDIT,36853.42,,
CREDIT,01/23/2025,"ORIG CO NAME:UnitedHealthcare       ORIG ID:1111187726 DESC DATE:       CO ENTRY DESCR:HCCLAIMPMTSEC:CCD    TRACE#:124384871368474 EED:250123   IND ID:825169916                    IND NAME:Boodah Inc                 TRN*1*S4606961*1411289245*000087726 \ TRN: 0231368474TC",906.81,ACH_CREDIT,35999.30,,
CREDIT,01/23/2025,"ORIG CO NAME:UnitedHealthcare       ORIG ID:1713627395 DESC DATE:       CO ENTRY DESCR:HCCLAIMPMTSEC:CCD    TRACE#:124384871438438 EED:250123   IND ID:825169916                    IND NAME:Boodah Inc                 TRN*1*35553838*1411289245*000087726 \ TRN: 0231438438TC",1178.99,ACH_CREDIT,35092.49,,
CREDIT,01/23/2025,"ORIG CO NAME:UNITED BEHAVIORA       ORIG ID:1805600001 DESC DATE:       CO ENTRY DESCR:HCCLAIMPMTSEC:CCD    TRACE#:124384871366739 EED:250123   IND ID:825169916                    IND NAME:Boodah Inc                 TRN*1*25018B1000013708*1411289245*0 00087726\ TRN: 0231366739TC",1406.44,ACH_CREDIT,33913.50,,
CREDIT,01/23/2025,"ORIG CO NAME:STRIPE                 ORIG ID:1800948598 DESC DATE:       CO ENTRY DESCR:TRANSFER  SEC:CCD    TRACE#:091000019699286 EED:250123   IND ID:ST-N9B2X2K2H2H9              IND NAME:BOODAH INC TRN: 0239699286TC",2157.91,ACH_CREDIT,32507.06,,
DEBIT,01/22/2025,"DOMESTIC INCOMING WIRE FEE",-15.00,FEE_TRANSACTION,30349.15,,
DEBIT,01/22/2025,"ORIG CO NAME:CAPITAL ONE            ORIG ID:9279744391 DESC DATE:250122 CO ENTRY DESCR:ONLINE PMTSEC:CCD    TRACE#:021000021161022 EED:250122   IND ID:42OQKFLQAN3OK5C              IND NAME:COLLEEN GALLICCHIO TRN: 0221161022TC",-10000.00,ACH_DEBIT,30364.15,,
DEBIT,01/22/2025,"ORIG CO NAME:KEY MERCHANT SVS       ORIG ID:2580215200 DESC DATE:250121 CO ENTRY DESCR:DISCOUNT  SEC:CCD    TRACE#:041001033491287 EED:250122   IND ID:896246463880                 IND NAME:BOSTON PSYCHOLOGICAL T                                                                                       1-800-304-9856 TRN: 0223491287TC",-4.76,ACH_DEBIT,40364.15,,
DEBIT,01/22/2025,"ORIG CO NAME:INTUIT 56813462        ORIG ID:4462800242 DESC DATE:250122 CO ENTRY DESCR:TAX       SEC:CCD    TRACE#:111000023398206 EED:250122   IND ID:9683333                      IND NAME:BOODAH INC TRN: 0223398206TC",-86.76,ACH_DEBIT,40368.91,,
DEBIT,01/22/2025,"ORIG CO NAME:INTUIT 50076037        ORIG ID:4462800242 DESC DATE:250122 CO ENTRY DESCR:PAYROLL   SEC:CCD    TRACE#:111000027744723 EED:250122   IND ID:9683333                      IND NAME:BOODAH INC- BOSTON PSY TRN: 0227744723TC",-295.78,ACH_DEBIT,40455.67,,
DEBIT,01/22/2025,"ORIG CO NAME:INTUIT 50076037        ORIG ID:4462800242 DESC DATE:250122 CO ENTRY DESCR:PAYROLL   SEC:CCD    TRACE#:111000027744722 EED:250122   IND ID:9683333                      IND NAME:BOODAH INC- BOSTON PSY TRN: 0227744722TC",-295.79,ACH_DEBIT,40751.45,,
CREDIT,01/22/2025,"ORIG CO NAME:EASYPAY                ORIG ID:1340797057 DESC DATE:250121 CO ENTRY DESCR:INSTFUNDINSEC:CCD    TRACE#:041001038753444 EED:250122   IND ID:896246463880                 IND NAME:BOODAH INC TRN: 0228753444TC",30.00,ACH_CREDIT,41047.24,,
CREDIT,01/22/2025,"ORIG CO NAME:Carelon Behav Z        ORIG ID:3043324848 DESC DATE:250117 CO ENTRY DESCR:HCCLAIMPMTSEC:CCD    TRACE#:011500126560657 EED:250122   IND ID:                             IND NAME:BOODAH INC                 TRN*1*8075119*1043324848\ TRN: 0226560657TC",125.69,ACH_CREDIT,41017.24,,
CREDIT,01/22/2025,"ORIG CO NAME:STRIPE                 ORIG ID:1800948598 DESC DATE:       CO ENTRY DESCR:TRANSFER  SEC:CCD    TRACE#:091000017970871 EED:250122   IND ID:ST-G8B3W3J7J5F6              IND NAME:BOODAH INC TRN: 0227970871TC",174.48,ACH_CREDIT,40891.55,,
CREDIT,01/22/2025,"ORIG CO NAME:NGS, INC.              ORIG ID:I351840597 DESC DATE:250116 CO ENTRY DESCR:HCCLAIMPMTSEC:CCD    TRACE#:042000016563035 EED:250122   IND ID:1104390525                   IND NAME:BOODAH, INC                TRN*1*896245760*1351840597~                                                       MEDICARE B OF NE TRN: 0226563035TC",320.95,ACH_CREDIT,40717.07,,
CREDIT,01/22/2025,"ORIG CO NAME:Carelon Behav Z        ORIG ID:3043324848 DESC DATE:250117 CO ENTRY DESCR:HCCLAIMPMTSEC:CCD    TRACE#:011500126560655 EED:250122   IND ID:                             IND NAME:BOODAH INC                 TRN*1*8075380*1043324848\ TRN: 0226560655TC",378.91,ACH_CREDIT,40396.12,,
CREDIT,01/22/2025,"FEDWIRE CREDIT VIA: SANTANDER BANK, N.A./231372691 B/O: BOODAH, INC. US REF: CHASE NYC/CTR/BNF=BOODAH, INC. KINGSTON MA 02364-1275 US/AC-0000000095 75 RFB=O/B SANTANDER BK OBI=PAYROLL BBI=/CHGS/USD0,/ IMAD: 0122MMQFMPYC000226 TRN: 0384021022FF",42000.00,WIRE_INCOMING,40017.21,,
DEBIT,01/21/2025,"ORIG CO NAME:KEY MERCHANT SVS       ORIG ID:2580215200 DESC DATE:250120 CO ENTRY DESCR:DISCOUNT  SEC:CCD    TRACE#:041001039357809 EED:250121   IND ID:896246463880                 IND NAME:BOSTON PSYCHOLOGICAL T                                                                                       1-800-304-9856 TRN: 0219357809TC",-1.17,ACH_DEBIT,-1982.79,,
DEBIT,01/21/2025,"ORIG CO NAME:KEY MERCHANT SVS       ORIG ID:2580215200 DESC DATE:250117 CO ENTRY DESCR:DISCOUNT  SEC:CCD    TRACE#:041001039357804 EED:250121   IND ID:896246463880                 IND NAME:BOSTON PSYCHOLOGICAL T                                                                                       1-800-304-9856 TRN: 0219357804TC",-4.74,ACH_DEBIT,-1981.62,,
CHECK,01/21/2025,"CHECK 233  ",-110.00,CHECK_PAID,-1976.88,233,
CHECK,01/21/2025,"CHECK 238  ",-110.00,CHECK_PAID,-1866.88,238,
DEBIT,01/21/2025,"ORIG CO NAME:INTUIT 44206157        ORIG ID:4462800242 DESC DATE:250121 CO ENTRY DESCR:TAX       SEC:CCD    TRACE#:111000021680339 EED:250121   IND ID:9683333                      IND NAME:BOODAH INC TRN: 0211680339TC",-7763.46,ACH_DEBIT,-1756.88,,
DEBIT,01/21/2025,"ORIG CO NAME:INTUIT 49898177        ORIG ID:4462800242 DESC DATE:250121 CO ENTRY DESCR:PAYROLL   SEC:CCD    TRACE#:111000028243012 EED:250121   IND ID:9683333                      IND NAME:BOODAH INC- BOSTON PSY TRN: 0218243012TC",-263.20,ACH_DEBIT,6006.58,,
DEBIT,01/21/2025,"ORIG CO NAME:PAYROLL                ORIG ID:4462800242 DESC DATE:250121 CO ENTRY DESCR:PAYROLL   SEC:CCD    TRACE#:111000028243410 EED:250121   IND ID:9683333                      IND NAME:BOODAH INC TRN: 0218243410TC",-1440.50,ACH_DEBIT,6269.78,,
CREDIT,01/21/2025,"ORIG CO NAME:EASYPAY                ORIG ID:1340797057 DESC DATE:250117 CO ENTRY DESCR:INSTFUNDINSEC:CCD    TRACE#:041001038459594 EED:250121   IND ID:896246463880                 IND NAME:BOODAH INC TRN: 0218459594TC",65.00,ACH_CREDIT,7710.28,,
CREDIT,01/21/2025,"ORIG CO NAME:EASYPAY                ORIG ID:1340797057 DESC DATE:250118 CO ENTRY DESCR:INSTFUNDINSEC:CCD    TRACE#:041001039357306 EED:250121   IND ID:896246463880                 IND NAME:BOODAH INC TRN: 0219357306TC",142.67,ACH_CREDIT,7645.28,,
CREDIT,01/21/2025,"ORIG CO NAME:STRIPE                 ORIG ID:1800948598 DESC DATE:       CO ENTRY DESCR:TRANSFER  SEC:CCD    TRACE#:091000011832645 EED:250121   IND ID:ST-W4T2I2R4V2Q7              IND NAME:BOODAH INC TRN: 0211832645TC",679.10,ACH_CREDIT,7502.61,,
DEBIT,01/17/2025,"ORIG CO NAME:CAPITAL ONE            ORIG ID:9279744380 DESC DATE:250115 CO ENTRY DESCR:MOBILE PMTSEC:CCD    TRACE#:021000027520165 EED:250117   IND ID:42N9MASTCBZKIRK              IND NAME:COLLEEN GALLICCHIO TRN: 0177520165TC",-5000.00,ACH_DEBIT,6823.51,,
DEBIT,01/17/2025,"ORIG CO NAME:KEY MERCHANT SVS       ORIG ID:2580215200 DESC DATE:250116 CO ENTRY DESCR:DISCOUNT  SEC:CCD    TRACE#:041001035405153 EED:250117   IND ID:896246463880                 IND NAME:BOSTON PSYCHOLOGICAL T                                                                                       1-800-304-9856 TRN: 0175405153TC",-2.79,ACH_DEBIT,11823.51,,
DEBIT,01/17/2025,"ORIG CO NAME:PAYROLL                ORIG ID:1943345425 DESC DATE:250117 CO ENTRY DESCR:TAX       SEC:CCD    TRACE#:111000024918967 EED:250117   IND ID:9683333                      IND NAME:BOODAH INC- BOSTON PSY TRN: 0174918967TC",-73.51,ACH_DEBIT,11826.30,,
DEBIT,01/17/2025,"ORIG CO NAME:INTUIT 49065620        ORIG ID:4462800242 DESC DATE:250117 CO ENTRY DESCR:PAYROLL   SEC:CCD    TRACE#:111000024666544 EED:250117   IND ID:9683333                      IND NAME:BOODAH INC- BOSTON PSY TRN: 0174666544TC",-169.15,ACH_DEBIT,11899.81,,
DEBIT,01/17/2025,"ORIG CO NAME:PAYROLL                ORIG ID:4462800242 DESC DATE:250117 CO ENTRY DESCR:PAYROLL   SEC:CCD    TRACE#:111000024661256 EED:250117   IND ID:9683333                      IND NAME:BOODAH INC TRN: 0174661256TC",-176.76,ACH_DEBIT,12068.96,,
DEBIT,01/17/2025,"ORIG CO NAME:INTUIT 49849744        ORIG ID:4462800242 DESC DATE:250117 CO ENTRY DESCR:PAYROLL   SEC:CCD    TRACE#:111000024660695 EED:250117   IND ID:9683333                      IND NAME:BOODAH INC- BOSTON PSY TRN: 0174660695TC",-244.78,ACH_DEBIT,12245.72,,
DEBIT,01/17/2025,"ORIG CO NAME:INTUIT 49849744        ORIG ID:4462800242 DESC DATE:250117 CO ENTRY DESCR:PAYROLL   SEC:CCD    TRACE#:111000024660696 EED:250117   IND ID:9683333                      IND NAME:BOODAH INC- BOSTON PSY TRN: 0174660696TC",-308.40,ACH_DEBIT,12490.50,,
DEBIT,01/17/2025,"ORIG CO NAME:INTUIT 49065620        ORIG ID:4462800242 DESC DATE:250117 CO ENTRY DESCR:PAYROLL   SEC:CCD    TRACE#:111000024666547 EED:250117   IND ID:9683333                      IND NAME:BOODAH INC- BOSTON PSY TRN: 0174666547TC",-394.69,ACH_DEBIT,12798.90,,
DEBIT,01/17/2025,"ORIG CO NAME:PAYROLL                ORIG ID:4462800242 DESC DATE:250117 CO ENTRY DESCR:PAYROLL   SEC:CCD    TRACE#:111000024661257 EED:250117   IND ID:9683333                      IND NAME:BOODAH INC TRN: 0174661257TC",-462.76,ACH_DEBIT,13193.59,,
DEBIT,01/17/2025,"ORIG CO NAME:PAYROLL                ORIG ID:4462800242 DESC DATE:250117 CO ENTRY DESCR:PAYROLL   SEC:CCD    TRACE#:111000024661258 EED:250117   IND ID:9683333                      IND NAME:BOODAH INC TRN: 0174661258TC",-521.10,ACH_DEBIT,13656.35,,
DEBIT,01/17/2025,"ORIG CO NAME:PAYROLL                ORIG ID:1943345425 DESC DATE:250117 CO ENTRY DESCR:TAX       SEC:CCD    TRACE#:111000024919518 EED:250117   IND ID:9683333                      IND NAME:BOODAH INC- BOSTON PSY TRN: 0174919518TC",-710.10,ACH_DEBIT,14177.45,,
DEBIT,01/17/2025,"ORIG CO NAME:PAYROLL                ORIG ID:4462800242 DESC DATE:250117 CO ENTRY DESCR:PAYROLL   SEC:CCD    TRACE#:111000024661259 EED:250117   IND ID:9683333                      IND NAME:BOODAH INC TRN: 0174661259TC",-839.00,ACH_DEBIT,14887.55,,
DEBIT,01/17/2025,"ORIG CO NAME:INTUIT 49849744        ORIG ID:4462800242 DESC DATE:250117 CO ENTRY DESCR:PAYROLL   SEC:CCD    TRACE#:111000024660692 EED:250117   IND ID:9683333                      IND NAME:BOODAH INC- BOSTON PSY TRN: 0174660692TC",-915.22,ACH_DEBIT,15726.55,,
DEBIT,01/17/2025,"ORIG CO NAME:INTUIT 49849744        ORIG ID:4462800242 DESC DATE:250117 CO ENTRY DESCR:PAYROLL   SEC:CCD    TRACE#:111000024660697 EED:250117   IND ID:9683333                      IND NAME:BOODAH INC- BOSTON PSY TRN: 0174660697TC",-1135.43,ACH_DEBIT,16641.77,,
DEBIT,01/17/2025,"ORIG CO NAME:INTUIT 49065620        ORIG ID:4462800242 DESC DATE:250117 CO ENTRY DESCR:PAYROLL   SEC:CCD    TRACE#:111000024666546 EED:250117   IND ID:9683333                      IND NAME:BOODAH INC- BOSTON PSY TRN: 0174666546TC",-1175.03,ACH_DEBIT,17777.20,,
DEBIT,01/17/2025,"ORIG CO NAME:INTUIT 49065620        ORIG ID:4462800242 DESC DATE:250117 CO ENTRY DESCR:PAYROLL   SEC:CCD    TRACE#:111000024666542 EED:250117   IND ID:9683333                      IND NAME:BOODAH INC- BOSTON PSY TRN: 0174666542TC",-1175.03,ACH_DEBIT,18952.23,,
DEBIT,01/17/2025,"ORIG CO NAME:INTUIT 49065620        ORIG ID:4462800242 DESC DATE:250117 CO ENTRY DESCR:PAYROLL   SEC:CCD    TRACE#:111000024666543 EED:250117   IND ID:9683333                      IND NAME:BOODAH INC- BOSTON PSY TRN: 0174666543TC",-1275.42,ACH_DEBIT,20127.26,,
DEBIT,01/17/2025,"ORIG CO NAME:INTUIT 49065620        ORIG ID:4462800242 DESC DATE:250117 CO ENTRY DESCR:PAYROLL   SEC:CCD    TRACE#:111000024666541 EED:250117   IND ID:9683333                      IND NAME:BOODAH INC- BOSTON PSY TRN: 0174666541TC",-1502.00,ACH_DEBIT,21402.68,,
DEBIT,01/17/2025,"ORIG CO NAME:INTUIT 49849744        ORIG ID:4462800242 DESC DATE:250117 CO ENTRY DESCR:PAYROLL   SEC:CCD    TRACE#:111000024660694 EED:250117   IND ID:9683333                      IND NAME:BOODAH INC- BOSTON PSY TRN: 0174660694TC",-1613.42,ACH_DEBIT,22904.68,,
DEBIT,01/17/2025,"ORIG CO NAME:INTUIT 49849744        ORIG ID:4462800242 DESC DATE:250117 CO ENTRY DESCR:PAYROLL   SEC:CCD    TRACE#:111000024660691 EED:250117   IND ID:9683333                      IND NAME:BOODAH INC- BOSTON PSY TRN: 0174660691TC",-1646.89,ACH_DEBIT,24518.10,,
DEBIT,01/17/2025,"ORIG CO NAME:INTUIT 49065620        ORIG ID:4462800242 DESC DATE:250117 CO ENTRY DESCR:PAYROLL   SEC:CCD    TRACE#:111000024666545 EED:250117   IND ID:9683333                      IND NAME:BOODAH INC- BOSTON PSY TRN: 0174666545TC",-1741.30,ACH_DEBIT,26164.99,,
DEBIT,01/17/2025,"ORIG CO NAME:INTUIT 49889557        ORIG ID:4462800242 DESC DATE:250117 CO ENTRY DESCR:PAYROLL   SEC:CCD    TRACE#:111000024661426 EED:250117   IND ID:9683333                      IND NAME:BOODAH INC- BOSTON PSY TRN: 0174661426TC",-1842.70,ACH_DEBIT,27906.29,,
DEBIT,01/17/2025,"ORIG CO NAME:INTUIT 49849744        ORIG ID:4462800242 DESC DATE:250117 CO ENTRY DESCR:PAYROLL   SEC:CCD    TRACE#:111000024660693 EED:250117   IND ID:9683333                      IND NAME:BOODAH INC- BOSTON PSY TRN: 0174660693TC",-1976.43,ACH_DEBIT,29748.99,,
DEBIT,01/17/2025,"ORIG CO NAME:INTUIT 49849744        ORIG ID:4462800242 DESC DATE:250117 CO ENTRY DESCR:PAYROLL   SEC:CCD    TRACE#:111000024660698 EED:250117   IND ID:9683333                      IND NAME:BOODAH INC- BOSTON PSY TRN: 0174660698TC",-2042.47,ACH_DEBIT,31725.42,,
DEBIT,01/17/2025,"ORIG CO NAME:PAYROLL                ORIG ID:1943345425 DESC DATE:250117 CO ENTRY DESCR:TAX       SEC:CCD    TRACE#:111000024918933 EED:250117   IND ID:9683333                      IND NAME:BOODAH INC- BOSTON PSY TRN: 0174918933TC",-2094.58,ACH_DEBIT,33767.89,,
DEBIT,01/17/2025,"ORIG CO NAME:INTUIT 49892906        ORIG ID:4462800242 DESC DATE:250117 CO ENTRY DESCR:PAYROLL   SEC:CCD    TRACE#:111000024669167 EED:250117   IND ID:9683333                      IND NAME:BOODAH INC- BOSTON PSY TRN: 0174669167TC",-2191.10,ACH_DEBIT,35862.47,,
DEBIT,01/17/2025,"ORIG CO NAME:PAYPAL                 ORIG ID:PAYPALSI77 DESC DATE:250116 CO ENTRY DESCR:INST XFER SEC:WEB    TRACE#:091000010235862 EED:250117   IND ID:MCDONALDS 27923              IND NAME:BOODAH  INC                                                                                                  INSTANT TRANSFER TRN: 0170235862TC",-31.40,MISC_DEBIT,38053.57,,
DEBIT,01/17/2025,"ORIG CO NAME:STRIPE                 ORIG ID:4270465600 DESC DATE:       CO ENTRY DESCR:TRANSFER  SEC:CCD    TRACE#:111000020342120 EED:250117   IND ID:ST-S1S1O6Z3V7D8              IND NAME:BOODAH INC TRN: 0170342120TC",-504.65,ACH_DEBIT,38084.97,,
CREDIT,01/17/2025,"ORIG CO NAME:WELLPOINT 05C          ORIG ID:0365BA293A DESC DATE:       CO ENTRY DESCR:HCCLAIMPMTSEC:CCD    TRACE#:111000020734623 EED:250117   IND ID:3261513136                   IND NAME:BOODAH  INC                TRN*1*3261513136*1520913817\                                                      EDI PAYMENT TRN: 0170734623TC",490.05,ACH_CREDIT,38589.62,,
CREDIT,01/17/2025,"ORIG CO NAME:EASYPAY                ORIG ID:1340797057 DESC DATE:250116 CO ENTRY DESCR:INSTFUNDINSEC:CCD    TRACE#:041001034574570 EED:250117   IND ID:896246463880                 IND NAME:BOODAH INC TRN: 0174574570TC",606.07,ACH_CREDIT,38099.57,,
CREDIT,01/17/2025,"ORIG CO NAME:TUFTS ASSOCIATED       ORIG ID:4800721489 DESC DATE:250114 CO ENTRY DESCR:HCCLAIMPMTSEC:CCD    TRACE#:111000020761549 EED:250117   IND ID:                             IND NAME:BOODAH INC                 TRN*1*71171687*1042674079\ TRN: 0170761549TC",3605.26,ACH_CREDIT,37493.50,,
DEBIT,01/16/2025,"ORIG CO NAME:KEY MERCHANT SVS       ORIG ID:2580215200 DESC DATE:250115 CO ENTRY DESCR:DISCOUNT  SEC:CCD    TRACE#:041001033600009 EED:250116   IND ID:896246463880                 IND NAME:BOSTON PSYCHOLOGICAL T                                                                                       1-800-304-9856 TRN: 0163600009TC",-18.78,ACH_DEBIT,33888.24,,
DEBIT,01/16/2025,"ORIG CO NAME:BASTIONGPT.COM         ORIG ID:1800948598 DESC DATE:       CO ENTRY DESCR:BASTIONGPTSEC:WEB    TRACE#:091000019643034 EED:250116   IND ID:ST-Q7B3H6G7C8B8              IND NAME:COLLEEN LONG TRN: 0169643034TC",-20.00,MISC_DEBIT,33907.02,,
DEBIT,01/16/2025,"ORIG CO NAME:PAYPAL                 ORIG ID:PAYPALSI77 DESC DATE:250115 CO ENTRY DESCR:INST XFER SEC:WEB    TRACE#:091000019941009 EED:250116   IND ID:MCDONALDS 27923              IND NAME:BOODAH  INC                                                                                                  INSTANT TRANSFER TRN: 0169941009TC",-27.13,MISC_DEBIT,33927.02,,
DEBIT,01/16/2025,"ORIG CO NAME:PAYPAL                 ORIG ID:PAYPALSI77 DESC DATE:250115 CO ENTRY DESCR:INST XFER SEC:WEB    TRACE#:091000019015929 EED:250116   IND ID:FASTSPRING                   IND NAME:BOODAH  INC                                                                                                  INSTANT TRANSFER TRN: 0169015929TC",-237.10,MISC_DEBIT,33954.15,,
CREDIT,01/16/2025,"ORIG CO NAME:EASYPAY                ORIG ID:1340797057 DESC DATE:250115 CO ENTRY DESCR:INSTFUNDINSEC:CCD    TRACE#:041001039874567 EED:250116   IND ID:896246463880                 IND NAME:BOODAH INC TRN: 0169874567TC",25.00,ACH_CREDIT,34191.25,,
CREDIT,01/16/2025,"ORIG CO NAME:STRIPE                 ORIG ID:1800948598 DESC DATE:       CO ENTRY DESCR:TRANSFER  SEC:CCD    TRACE#:091000019125181 EED:250116   IND ID:ST-P2U5O2E3F2L0              IND NAME:BOODAH INC TRN: 0169125181TC",431.49,ACH_CREDIT,34166.25,,
CREDIT,01/16/2025,"ORIG CO NAME:UnitedHealthcare       ORIG ID:1111411289 DESC DATE:       CO ENTRY DESCR:HCCLAIMPMTSEC:CCD    TRACE#:124384879378756 EED:250116   IND ID:825169916                    IND NAME:Boodah Inc                 TRN*1*35361667*4112892425*000087726 \ TRN: 0169378756TC",1133.99,ACH_CREDIT,33734.76,,
CREDIT,01/16/2025,"ORIG CO NAME:Carelon Behav Z        ORIG ID:2043324848 DESC DATE:250115 CO ENTRY DESCR:HCCLAIMPMTSEC:CCD    TRACE#:011500129984785 EED:250116   IND ID:                             IND NAME:BOODAH INC                 TRN*1*8070986*1043324848\ TRN: 0169984785TC",1552.51,ACH_CREDIT,32600.77,,
CREDIT,01/16/2025,"ORIG CO NAME:UNITED BEHAVIORA       ORIG ID:1805600001 DESC DATE:       CO ENTRY DESCR:HCCLAIMPMTSEC:CCD    TRACE#:124384879378482 EED:250116   IND ID:825169916                    IND NAME:Boodah Inc                 TRN*1*25011B1000012290*1411289245*0 00087726\ TRN: 0169378482TC",1564.27,ACH_CREDIT,31048.26,,
DEBIT,01/15/2025,"ORIG CO NAME:KEY MERCHANT SVS       ORIG ID:2580215200 DESC DATE:250114 CO ENTRY DESCR:DISCOUNT  SEC:CCD    TRACE#:041001039899308 EED:250115   IND ID:896246463880                 IND NAME:BOSTON PSYCHOLOGICAL T                                                                                       1-800-304-9856 TRN: 0159899308TC",-1.03,ACH_DEBIT,29483.99,,
DEBIT,01/15/2025,"ORIG CO NAME:PAYROLL                ORIG ID:1943345425 DESC DATE:250115 CO ENTRY DESCR:TAX       SEC:CCD    TRACE#:111000029200798 EED:250115   IND ID:9683333                      IND NAME:BOODAH INC- BOSTON PSY TRN: 0159200798TC",-1941.14,ACH_DEBIT,29485.02,,
DEBIT,01/15/2025,"ORIG CO NAME:PAYROLL                ORIG ID:4462800242 DESC DATE:250115 CO ENTRY DESCR:PAYROLL   SEC:CCD    TRACE#:111000028684094 EED:250115   IND ID:9683333                      IND NAME:BOODAH INC TRN: 0158684094TC",-3509.18,ACH_DEBIT,31426.16,,
CREDIT,01/15/2025,"ORIG CO NAME:UNITED BEHAVIORA       ORIG ID:1805600001 DESC DATE:       CO ENTRY DESCR:HCCLAIMPMTSEC:CCD    TRACE#:124384872140953 EED:250115   IND ID:825169916                    IND NAME:Boodah Inc                 TRN*1*25010B1000013855*1411289245*0 00087726\ TRN: 0152140953TC",143.53,ACH_CREDIT,34935.34,,
CREDIT,01/15/2025,"ORIG CO NAME:CIGNA                  ORIG ID:9751677627 DESC DATE:011125 CO ENTRY DESCR:HCCLAIMPMTSEC:CCD    TRACE#:091000012053166 EED:250115   IND ID:825169916                    IND NAME:/BOODAH INC                TRN*1*250111090055248*1591031071\ TRN: 0152053166TC",1149.30,ACH_CREDIT,34791.81,,
CREDIT,01/15/2025,"ORIG CO NAME:BCBS OF MASS           ORIG ID:1041045815 DESC DATE:011025 CO ENTRY DESCR:HCCLAIMPMTSEC:CCD    TRACE#:091000012051612 EED:250115   IND ID:741392951                    IND NAME:70020000LMG471             TRN*1*741392951*1041045815\ TRN: 0152051612TC",1462.70,ACH_CREDIT,33642.51,,
CREDIT,01/15/2025,"ORIG CO NAME:STRIPE                 ORIG ID:1800948598 DESC DATE:       CO ENTRY DESCR:TRANSFER  SEC:CCD    TRACE#:091000018774065 EED:250115   IND ID:ST-W9O9A1S9L2R0              IND NAME:BOODAH INC TRN: 0158774065TC",5790.59,ACH_CREDIT,32179.81,,
DEBIT,01/14/2025,"ORIG CO NAME:PAYPAL                 ORIG ID:PAYPALSI77 DESC DATE:250113 CO ENTRY DESCR:INST XFER SEC:WEB    TRACE#:091000016554598 EED:250114   IND ID:BYOUROWNBIL                  IND NAME:BOODAH  INC                                                                                                  INSTANT TRANSFER TRN: 0146554598TC",-45.00,MISC_DEBIT,26389.22,,
CREDIT,01/14/2025,"ORIG CO NAME:NGS, INC.              ORIG ID:I351840597 DESC DATE:250108 CO ENTRY DESCR:HCCLAIMPMTSEC:CCD    TRACE#:042000019056638 EED:250114   IND ID:1104390525                   IND NAME:BOODAH, INC                TRN*1*896228578*1351840597~                                                       MEDICARE B OF NE TRN: 0149056638TC",103.55,ACH_CREDIT,26434.22,,
CREDIT,01/14/2025,"ORIG CO NAME:Carelon Behav Z        ORIG ID:3043324848 DESC DATE:250110 CO ENTRY DESCR:HCCLAIMPMTSEC:CCD    TRACE#:011500129086898 EED:250114   IND ID:                             IND NAME:BOODAH INC                 TRN*1*8066737*1043324848\ TRN: 0149086898TC",125.69,ACH_CREDIT,26330.67,,
CREDIT,01/14/2025,"ORIG CO NAME:STRIPE                 ORIG ID:1800948598 DESC DATE:       CO ENTRY DESCR:TRANSFER  SEC:CCD    TRACE#:091000016519874 EED:250114   IND ID:ST-J0K1F5T9E2D2              IND NAME:BOODAH INC TRN: 0146519874TC",727.34,ACH_CREDIT,26204.98,,
CREDIT,01/14/2025,"ORIG CO NAME:MBHP Behav Z Val       ORIG ID:1043307857 DESC DATE:250110 CO ENTRY DESCR:HCCLAIMPMTSEC:CCD    TRACE#:111000029086496 EED:250114   IND ID:                             IND NAME:BOODAH INC                 TRN*1*0002184306*1541414194\ TRN: 0149086496TC",1299.68,ACH_CREDIT,25477.64,,
CREDIT,01/14/2025,"ORIG CO NAME:Carelon Behav Z        ORIG ID:2043324848 DESC DATE:250110 CO ENTRY DESCR:HCCLAIMPMTSEC:CCD    TRACE#:011500127155723 EED:250114   IND ID:                             IND NAME:BOODAH INC                 TRN*1*8064231*1043324848\ TRN: 0147155723TC",3746.65,ACH_CREDIT,24177.96,,
CHECK,01/13/2025,"CHECK 237  ",-200.00,CHECK_PAID,20431.31,237,
DEBIT,01/13/2025,"ORIG CO NAME:KEY MERCHANT SVS       ORIG ID:2580215200 DESC DATE:250111 CO ENTRY DESCR:DISCOUNT  SEC:CCD    TRACE#:041001031003595 EED:250113   IND ID:896246463880                 IND NAME:BOSTON PSYCHOLOGICAL T                                                                                       1-800-304-9856 TRN: 0131003595TC",-18.96,ACH_DEBIT,20631.31,,
DEBIT,01/13/2025,"ORIG CO NAME:KEY MERCHANT SVS       ORIG ID:2580215200 DESC DATE:250110 CO ENTRY DESCR:DISCOUNT  SEC:CCD    TRACE#:041001031003600 EED:250113   IND ID:896246463880                 IND NAME:BOSTON PSYCHOLOGICAL T                                                                                       1-800-304-9856 TRN: 0131003600TC",-36.06,ACH_DEBIT,20650.27,,
DEBIT,01/13/2025,"Zelle payment to ROYA 23359832483",-500.00,QUICKPAY_DEBIT,20686.33,,
DEBIT,01/13/2025,"ORIG CO NAME:PAY PLUS               ORIG ID:5452579291 DESC DATE:250110 CO ENTRY DESCR:ACHTrans  SEC:CCD    TRACE#:101000699331718 EED:250113   IND ID:51301621                     IND NAME:Default debit account      FeeTransfer REF#51301621                                                          PPSACCOUNT TRN: 0139331718TC",-3.84,ACH_DEBIT,21186.33,,
DEBIT,01/13/2025,"ORIG CO NAME:AEGON USA              ORIG ID:1420947998 DESC DATE:SEP 05 CO ENTRY DESCR:CONTRIBUTESEC:CCD    TRACE#:091000018916113 EED:250113   IND ID:20250109922NVH               IND NAME:935014    00000            20250109922NVH4696945654377560028CO RP TRN: 0138916113TC",-167.95,ACH_DEBIT,21190.17,,
DEBIT,01/13/2025,"ORIG CO NAME:AEGON USA              ORIG ID:1420947998 DESC DATE:SEP 05 CO ENTRY DESCR:CONTRIBUTESEC:CCD    TRACE#:091000018916117 EED:250113   IND ID:20250109922NPX               IND NAME:935014    00000            20250109922NPX4696945654377560028CO RP TRN: 0138916117TC",-665.10,ACH_DEBIT,21358.12,,
CREDIT,01/13/2025,"ORIG CO NAME:EASYPAY                ORIG ID:1340797057 DESC DATE:250110 CO ENTRY DESCR:INSTFUNDINSEC:CCD    TRACE#:041001039754143 EED:250113   IND ID:896246463880                 IND NAME:BOODAH INC TRN: 0139754143TC",20.00,ACH_CREDIT,22023.22,,
CREDIT,01/13/2025,"ORIG CO NAME:STRIPE                 ORIG ID:1800948598 DESC DATE:       CO ENTRY DESCR:TRANSFER  SEC:CCD    TRACE#:091000019867146 EED:250113   IND ID:ST-U5Y9C4N9B9P0              IND NAME:BOODAH INC TRN: 0139867146TC",33.68,ACH_CREDIT,22003.22,,
CREDIT,01/13/2025,"ORIG CO NAME:EASYPAY                ORIG ID:1340797057 DESC DATE:250112 CO ENTRY DESCR:INSTFUNDINSEC:CCD    TRACE#:041001031003573 EED:250113   IND ID:896246463880                 IND NAME:BOODAH INC TRN: 0131003573TC",622.67,ACH_CREDIT,21969.54,,
CREDIT,01/13/2025,"ORIG CO NAME:EASYPAY                ORIG ID:1340797057 DESC DATE:250111 CO ENTRY DESCR:INSTFUNDINSEC:CCD    TRACE#:041001031003563 EED:250113   IND ID:896246463880                 IND NAME:BOODAH INC TRN: 0131003563TC",1222.67,ACH_CREDIT,21346.87,,
DEBIT,01/10/2025,"Online Transfer to CHK ...9759 transaction#: 23345983732 01/10",-10000.00,ACCT_XFER,20124.20,,
DEBIT,01/10/2025,"ORIG CO NAME:KEY MERCHANT SVS       ORIG ID:2580215200 DESC DATE:250109 CO ENTRY DESCR:DISCOUNT  SEC:CCD    TRACE#:041001039724500 EED:250110   IND ID:896246463880                 IND NAME:BOSTON PSYCHOLOGICAL T                                                                                       1-800-304-9856 TRN: 0109724500TC",-0.88,ACH_DEBIT,30124.20,,
DEBIT,01/10/2025,"ORIG CO NAME:PAY PLUS               ORIG ID:5452579291 DESC DATE:250109 CO ENTRY DESCR:ACHTrans  SEC:CCD    TRACE#:101000691473858 EED:250110   IND ID:51113567                     IND NAME:Default debit account      FeeTransfer REF#51113567                                                          PPSACCOUNT TRN: 0101473858TC",-24.41,ACH_DEBIT,30125.08,,
CREDIT,01/10/2025,"ORIG CO NAME:STRIPE                 ORIG ID:1800948598 DESC DATE:       CO ENTRY DESCR:TRANSFER  SEC:CCD    TRACE#:091000010723608 EED:250110   IND ID:ST-U1I4L1H3O9Z3              IND NAME:BOODAH INC TRN: 0100723608TC",77.07,ACH_CREDIT,30149.49,,
CREDIT,01/10/2025,"ORIG CO NAME:HUMANA GOVT BUSI       ORIG ID:2610647538 DESC DATE:010825 CO ENTRY DESCR:HCCLAIMPMTSEC:CCD    TRACE#:111000026097003 EED:250110   IND ID:2238793756                   IND NAME:BOODAH INC                 TRN*1*2238793756*1611241225*WPSEAST   \ TRN: 0106097003TC",88.05,ACH_CREDIT,30072.42,,
CREDIT,01/10/2025,"ORIG CO NAME:EASYPAY                ORIG ID:1340797057 DESC DATE:250109 CO ENTRY DESCR:INSTFUNDINSEC:CCD    TRACE#:041001031618552 EED:250110   IND ID:896246463880                 IND NAME:BOODAH INC TRN: 0101618552TC",115.00,ACH_CREDIT,29984.37,,
CREDIT,01/10/2025,"ORIG CO NAME:HPHC EFT CLEARI        ORIG ID:8042452600 DESC DATE:250108 CO ENTRY DESCR:HCCLAIMPMTSEC:CCD    TRACE#:051000016418493 EED:250110   IND ID:                             IND NAME:BOODAH INC                 TRN*1*502395104*1042452600*HPHC\ TRN: 0106418493TC",155.93,ACH_CREDIT,29869.37,,
CREDIT,01/10/2025,"ORIG CO NAME:UNITED BEHAVIORA       ORIG ID:1805600001 DESC DATE:       CO ENTRY DESCR:HCCLAIMPMTSEC:CCD    TRACE#:124384874079631 EED:250110   IND ID:825169916                    IND NAME:Boodah Inc                 TRN*1*25007B1000015341*1411289245*0 00087726\ TRN: 0104079631TC",191.96,ACH_CREDIT,29713.44,,
CREDIT,01/10/2025,"ORIG CO NAME:PAY PLUS               ORIG ID:9391995276 DESC DATE:250110 CO ENTRY DESCR:HCCLAIMPMTSEC:CCD    TRACE#:021000021838331 EED:250110   IND ID:825169916                    IND NAME:COLLEEN LONG GALLACCHI     TRN*1*603415992*1391995276\                                                       PPSACCOUNT TRN: 0101838331TC",201.96,ACH_CREDIT,29521.48,,
CREDIT,01/10/2025,"ORIG CO NAME:WELLPOINT 05C          ORIG ID:0365BA293A DESC DATE:       CO ENTRY DESCR:HCCLAIMPMTSEC:CCD    TRACE#:111000025958747 EED:250110   IND ID:3260946219                   IND NAME:BOODAH  INC                TRN*1*3260946219*1520913817\                                                      EDI PAYMENT TRN: 0105958747TC",258.88,ACH_CREDIT,29319.52,,
CREDIT,01/10/2025,"ORIG CO NAME:TUFTS ASSOCIATED       ORIG ID:4800721489 DESC DATE:250107 CO ENTRY DESCR:HCCLAIMPMTSEC:CCD    TRACE#:111000025993946 EED:250110   IND ID:                             IND NAME:BOODAH INC                 TRN*1*71167712*1042674079\ TRN: 0105993946TC",1298.57,ACH_CREDIT,29060.64,,
DEBIT,01/09/2025,"ORIG CO NAME:KEY MERCHANT SVS       ORIG ID:2580215200 DESC DATE:250108 CO ENTRY DESCR:DISCOUNT  SEC:CCD    TRACE#:041001038735127 EED:250109   IND ID:896246463880                 IND NAME:BOSTON PSYCHOLOGICAL T                                                                                       1-800-304-9856 TRN: 0098735127TC",-4.54,ACH_DEBIT,27762.07,,
DEBIT,01/09/2025,"ORIG CO NAME:THE HARTFORD           ORIG ID:9942902727 DESC DATE:       CO ENTRY DESCR:INSPMTCL  SEC:CCD    TRACE#:051000016995750 EED:250109   IND ID:15801127                     IND NAME:BOODAH INC                                                                                                   NWTBS CL SCIC ACH C TRN: 0096995750TC",-504.71,ACH_DEBIT,27766.61,,
CREDIT,01/09/2025,"ORIG CO NAME:EASYPAY                ORIG ID:1340797057 DESC DATE:250108 CO ENTRY DESCR:INSTFUNDINSEC:CCD    TRACE#:041001036685339 EED:250109   IND ID:896246463880                 IND NAME:BOODAH INC TRN: 0096685339TC",85.00,ACH_CREDIT,28271.32,,
CREDIT,01/09/2025,"ORIG CO NAME:AETNA A04              ORIG ID:1066033492 DESC DATE:       CO ENTRY DESCR:HCCLAIMPMTSEC:CCD    TRACE#:031100201536028 EED:250109   IND ID:1104390525                   IND NAME:BOODAH INC                 TRN*1*825006000191144*1066033492\ TRN: 0091536028TC",114.08,ACH_CREDIT,28186.32,,
CREDIT,01/09/2025,"ORIG CO NAME:AETNA AS01             ORIG ID:1066033492 DESC DATE:       CO ENTRY DESCR:HCCLAIMPMTSEC:CCD    TRACE#:051000011471694 EED:250109   IND ID:1104390525                   IND NAME:BOODAH INC                 TRN*1*825006000191140*1066033492\ TRN: 0091471694TC",172.17,ACH_CREDIT,28072.24,,
CREDIT,01/09/2025,"ORIG CO NAME:MBHP Behav Z Val       ORIG ID:1043307857 DESC DATE:250107 CO ENTRY DESCR:HCCLAIMPMTSEC:CCD    TRACE#:111000021556399 EED:250109   IND ID:                             IND NAME:BOODAH INC                 TRN*1*0002183607*1541414194\ TRN: 0091556399TC",649.84,ACH_CREDIT,27900.07,,
CREDIT,01/09/2025,"ORIG CO NAME:STRIPE                 ORIG ID:1800948598 DESC DATE:       CO ENTRY DESCR:TRANSFER  SEC:CCD    TRACE#:091000016960915 EED:250109   IND ID:ST-D8K7I8Z1P6X2              IND NAME:BOODAH INC TRN: 0096960915TC",683.65,ACH_CREDIT,27250.23,,
CREDIT,01/09/2025,"ORIG CO NAME:PAY PLUS               ORIG ID:6452579291 DESC DATE:250109 CO ENTRY DESCR:HCCLAIMPMTSEC:CCD    TRACE#:101000696482465 EED:250109   IND ID:825169916                    IND NAME:COLLEEN LONG GALLACCHI     TRN*1*602350388*1042734278\                                                       PPSACCOUNT TRN: 0096482465TC",1284.89,ACH_CREDIT,26566.58,,
DEBIT,01/08/2025,"ORIG CO NAME:KEY MERCHANT SVS       ORIG ID:2580215200 DESC DATE:250107 CO ENTRY DESCR:DISCOUNT  SEC:CCD    TRACE#:041001038710364 EED:250108   IND ID:896246463880                 IND NAME:BOSTON PSYCHOLOGICAL T                                                                                       1-800-304-9856 TRN: 0088710364TC",-3.07,ACH_DEBIT,25281.69,,
DEBIT,01/08/2025,"ORIG CO NAME:INTUIT 78060639        ORIG ID:4462800242 DESC DATE:250108 CO ENTRY DESCR:TAX       SEC:CCD    TRACE#:111000024046571 EED:250108   IND ID:9683333                      IND NAME:BOODAH INC TRN: 0084046571TC",-271.55,ACH_DEBIT,25284.76,,
DEBIT,01/08/2025,"ORIG CO NAME:PAYROLL                ORIG ID:4462800242 DESC DATE:250108 CO ENTRY DESCR:PAYROLL   SEC:CCD    TRACE#:111000024499099 EED:250108   IND ID:9683333                      IND NAME:BOODAH INC TRN: 0084499099TC",-111.60,ACH_DEBIT,25556.31,,
DEBIT,01/08/2025,"ORIG CO NAME:INTUIT 49064810        ORIG ID:4462800242 DESC DATE:250108 CO ENTRY DESCR:PAYROLL   SEC:CCD    TRACE#:111000024501662 EED:250108   IND ID:9683333                      IND NAME:BOODAH INC- BOSTON PSY TRN: 0084501662TC",-867.72,ACH_DEBIT,25667.91,,
DEBIT,01/08/2025,"ORIG CO NAME:PAYROLL                ORIG ID:4462800242 DESC DATE:250108 CO ENTRY DESCR:PAYROLL   SEC:CCD    TRACE#:111000024499098 EED:250108   IND ID:9683333                      IND NAME:BOODAH INC TRN: 0084499098TC",-1144.88,ACH_DEBIT,26535.63,,
CREDIT,01/08/2025,"ORIG CO NAME:CIGNA                  ORIG ID:9751677627 DESC DATE:010425 CO ENTRY DESCR:HCCLAIMPMTSEC:CCD    TRACE#:091000011654415 EED:250108   IND ID:825169916                    IND NAME:/BOODAH INC                TRN*1*250104090061853*1411648670\ TRN: 0081654415TC",72.00,ACH_CREDIT,27680.51,,
CREDIT,01/08/2025,"ORIG CO NAME:HUMANA GOVT BUSI       ORIG ID:2610647538 DESC DATE:010625 CO ENTRY DESCR:HCCLAIMPMTSEC:CCD    TRACE#:111000021589309 EED:250108   IND ID:2238763918                   IND NAME:BOODAH INC                 TRN*1*2238763918*1611241225*WPSEAST   \ TRN: 0081589309TC",83.09,ACH_CREDIT,27608.51,,
CREDIT,01/08/2025,"ORIG CO NAME:UNITED BEHAVIORA       ORIG ID:1805600001 DESC DATE:       CO ENTRY DESCR:HCCLAIMPMTSEC:CCD    TRACE#:124384878350721 EED:250108   IND ID:825169916                    IND NAME:Boodah Inc                 TRN*1*25003B1000006398*1411289245*0 00087726\ TRN: 0088350721TC",122.09,ACH_CREDIT,27525.42,,
CREDIT,01/08/2025,"ORIG CO NAME:EASYPAY                ORIG ID:1340797057 DESC DATE:250107 CO ENTRY DESCR:INSTFUNDINSEC:CCD    TRACE#:041001034777203 EED:250108   IND ID:896246463880                 IND NAME:BOODAH INC TRN: 0084777203TC",479.65,ACH_CREDIT,27403.33,,
CREDIT,01/08/2025,"ORIG CO NAME:BCBS OF MASS           ORIG ID:1041045815 DESC DATE:010325 CO ENTRY DESCR:HCCLAIMPMTSEC:CCD    TRACE#:091000011652855 EED:250108   IND ID:741341181                    IND NAME:70020000LMG471             TRN*1*741341181*1041045815\ TRN: 0081652855TC",1487.08,ACH_CREDIT,26923.68,,
CREDIT,01/08/2025,"ORIG CO NAME:STRIPE                 ORIG ID:1800948598 DESC DATE:       CO ENTRY DESCR:TRANSFER  SEC:CCD    TRACE#:091000014481033 EED:250108   IND ID:ST-T5A9L5C3A4P2              IND NAME:BOODAH INC TRN: 0084481033TC",1638.16,ACH_CREDIT,25436.60,,
CREDIT,01/08/2025,"ORIG CO NAME:BCBS OF MASS           ORIG ID:1041045815 DESC DATE:010325 CO ENTRY DESCR:HCCLAIMPMTSEC:CCD    TRACE#:091000011652853 EED:250108   IND ID:741327520                    IND NAME:70020000LMG471             TRN*1*741327520*1041045815\ TRN: 0081652853TC",1732.88,ACH_CREDIT,23798.44,,
CREDIT,01/08/2025,"ORIG CO NAME:Carelon Behav Z        ORIG ID:2043324848 DESC DATE:250103 CO ENTRY DESCR:HCCLAIMPMTSEC:CCD    TRACE#:011500124125593 EED:250108   IND ID:                             IND NAME:BOODAH INC                 TRN*1*8058956*1043324848\ TRN: 0084125593TC",5304.28,ACH_CREDIT,22065.56,,
DEBIT,01/07/2025,"ORIG CO NAME:KEY MERCHANT SVS       ORIG ID:2580215200 DESC DATE:250106 CO ENTRY DESCR:DISCOUNT  SEC:CCD    TRACE#:041001034151031 EED:250107   IND ID:896246463880                 IND NAME:BOSTON PSYCHOLOGICAL T                                                                                       1-800-304-9856 TRN: 0074151031TC",-14.51,ACH_DEBIT,16761.28,,
DEBIT,01/07/2025,"ORIG CO NAME:EVERSOURCE             ORIG ID:1202042013 DESC DATE:JAN 25 CO ENTRY DESCR:WEB_PAY   SEC:WEB    TRACE#:111000020896186 EED:250107   IND ID:71912823121724               IND NAME:COLLEEN GALLICCHIO TRN: 0070896186TC",-21.00,ACH_DEBIT,16775.79,,
DEBIT,01/07/2025,"ORIG CO NAME:EVERSOURCE             ORIG ID:1202042013 DESC DATE:JAN 25 CO ENTRY DESCR:WEB_PAY   SEC:WEB    TRACE#:111000020896154 EED:250107   IND ID:71903780121724               IND NAME:COLLEEN GALLICCHIO TRN: 0070896154TC",-147.47,ACH_DEBIT,16796.79,,
CREDIT,01/07/2025,"ORIG CO NAME:STRIPE                 ORIG ID:1800948598 DESC DATE:       CO ENTRY DESCR:TRANSFER  SEC:CCD    TRACE#:091000019169365 EED:250107   IND ID:ST-U1W9S0X0M0F0              IND NAME:BOODAH INC TRN: 0079169365TC",649.97,ACH_CREDIT,16944.26,,
CREDIT,01/07/2025,"ORIG CO NAME:UnitedHealthcare       ORIG ID:1111411289 DESC DATE:       CO ENTRY DESCR:HCCLAIMPMTSEC:CCD    TRACE#:124384870774171 EED:250107   IND ID:825169916                    IND NAME:Boodah Inc                 TRN*1*35022888*4112892425*000087726 \ TRN: 0070774171TC",1133.99,ACH_CREDIT,16294.29,,
CREDIT,01/07/2025,"ORIG CO NAME:Carelon Behav Z        ORIG ID:3043324848 DESC DATE:250103 CO ENTRY DESCR:HCCLAIMPMTSEC:CCD    TRACE#:011500120707520 EED:250107   IND ID:                             IND NAME:BOODAH INC                 TRN*1*8055872*1043324848\ TRN: 0070707520TC",1328.87,ACH_CREDIT,15160.30,,
CHECK,01/06/2025,"CHECK 236  ",-200.00,CHECK_PAID,13831.43,236,
CHECK,01/06/2025,"CHECK 232  ",-110.00,CHECK_PAID,14031.43,232,
CREDIT,01/06/2025,"ORIG CO NAME:COMM OF MASS           ORIG ID:A046002284 DESC DATE:250103 CO ENTRY DESCR:HCCLAIMPMTSEC:CCD    TRACE#:022000048202822 EED:250106   IND ID:VC0001203281                 IND NAME:BOODAH INC                 TRN*1*0000003I5007277*1046002284*10 6123032\                                      TREVENDOR TRN: 0068202822TC",11.43,ACH_CREDIT,14141.43,,
CREDIT,01/06/2025,"ORIG CO NAME:EASYPAY                ORIG ID:1340797057 DESC DATE:250103 CO ENTRY DESCR:INSTFUNDINSEC:CCD    TRACE#:041001030195986 EED:250106   IND ID:896246463880                 IND NAME:BOODAH INC TRN: 0060195986TC",20.00,ACH_CREDIT,14130.00,,
CREDIT,01/06/2025,"ORIG CO NAME:UNITED BEHAVIORA       ORIG ID:1805600001 DESC DATE:       CO ENTRY DESCR:HCCLAIMPMTSEC:CCD    TRACE#:124384879967296 EED:250106   IND ID:825169916                    IND NAME:Boodah Inc                 TRN*1*25001B1000011601*1411289245*0 00087726\ TRN: 0069967296TC",122.09,ACH_CREDIT,14110.00,,
CREDIT,01/06/2025,"ORIG CO NAME:UNITED BEHAVIORA       ORIG ID:1805600001 DESC DATE:       CO ENTRY DESCR:HCCLAIMPMTSEC:CCD    TRACE#:124384879967358 EED:250106   IND ID:825169916                    IND NAME:Boodah Inc                 TRN*1*25001B1000012849*1411289245*0 00087726\ TRN: 0069967358TC",1420.28,ACH_CREDIT,13987.91,,
CREDIT,01/06/2025,"ORIG CO NAME:TUFTS ASSOCIATED       ORIG ID:4800721489 DESC DATE:241231 CO ENTRY DESCR:HCCLAIMPMTSEC:CCD    TRACE#:111000026546711 EED:250106   IND ID:                             IND NAME:BOODAH INC                 TRN*1*71163489*1042674079\ TRN: 0066546711TC",1555.45,ACH_CREDIT,12567.63,,
CREDIT,01/06/2025,"ORIG CO NAME:WELLPOINT 05C          ORIG ID:0365BA293A DESC DATE:       CO ENTRY DESCR:HCCLAIMPMTSEC:CCD    TRACE#:111000026546473 EED:250106   IND ID:3260437336                   IND NAME:BOODAH  INC                TRN*1*3260437336*1520913817\                                                      EDI PAYMENT TRN: 0066546473TC",2827.34,ACH_CREDIT,11012.18,,
DEBIT,01/03/2025,"ORIG CO NAME:KEY MERCHANT SVS       ORIG ID:2580215200 DESC DATE:250102 CO ENTRY DESCR:DISCOUNT  SEC:CCD    TRACE#:041001031303578 EED:250103   IND ID:896246463880                 IND NAME:BOSTON PSYCHOLOGICAL T                                                                                       1-800-304-9856 TRN: 0031303578TC",-0.88,ACH_DEBIT,8184.84,,
DEBIT,01/03/2025,"ORIG CO NAME:KEY MERCHANT SVS       ORIG ID:2580215200 DESC DATE:250102 CO ENTRY DESCR:FEE       SEC:CCD    TRACE#:041001031303601 EED:250103   IND ID:896246463880                 IND NAME:BOSTON PSYCHOLOGICAL T                                                                                       1-800-304-9856 TRN: 0031303601TC",-37.00,ACH_DEBIT,8185.72,,
DEBIT,01/03/2025,"ORIG CO NAME:Qualifacts Syste       ORIG ID:0000512692 DESC DATE:       CO ENTRY DESCR:VSP*QualifSEC:CCD    TRACE#:096016935231753 EED:250103   IND ID:16073504                     IND NAME:Colleen Gallicchio                                                                                           6153866755 TRN: 0035231753TC",-416.43,ACH_DEBIT,8222.72,,
DEBIT,01/03/2025,"ORIG CO NAME:Qualifacts Syste       ORIG ID:0000512692 DESC DATE:       CO ENTRY DESCR:VSP*QualifSEC:CCD    TRACE#:096016935231751 EED:250103   IND ID:16073321                     IND NAME:Colleen Gallicchio                                                                                           6153866755 TRN: 0035231751TC",-1522.54,ACH_DEBIT,8639.15,,
DEBIT,01/03/2025,"ORIG CO NAME:INTUIT 37601408        ORIG ID:4462800242 DESC DATE:250103 CO ENTRY DESCR:TAX       SEC:CCD    TRACE#:111000025721754 EED:250103   IND ID:9683333                      IND NAME:BOODAH INC TRN: 0035721754TC",-4622.38,ACH_DEBIT,10161.69,,
DEBIT,01/03/2025,"ORIG CO NAME:INTUIT 47469926        ORIG ID:4462800242 DESC DATE:250103 CO ENTRY DESCR:PAYROLL   SEC:CCD    TRACE#:111000028659290 EED:250103   IND ID:9683333                      IND NAME:BOODAH INC- BOSTON PSY TRN: 0038659290TC",-79.63,ACH_DEBIT,14784.07,,
DEBIT,01/03/2025,"ORIG CO NAME:PAYROLL                ORIG ID:4462800242 DESC DATE:250103 CO ENTRY DESCR:PAYROLL   SEC:CCD    TRACE#:111000028687920 EED:250103   IND ID:9683333                      IND NAME:BOODAH INC TRN: 0038687920TC",-90.00,ACH_DEBIT,14863.70,,
DEBIT,01/03/2025,"ORIG CO NAME:INTUIT 47469926        ORIG ID:4462800242 DESC DATE:250103 CO ENTRY DESCR:PAYROLL   SEC:CCD    TRACE#:111000028659293 EED:250103   IND ID:9683333                      IND NAME:BOODAH INC- BOSTON PSY TRN: 0038659293TC",-289.65,ACH_DEBIT,14953.70,,
DEBIT,01/03/2025,"ORIG CO NAME:INTUIT 48705533        ORIG ID:4462800242 DESC DATE:250103 CO ENTRY DESCR:PAYROLL   SEC:CCD    TRACE#:111000028661967 EED:250103   IND ID:9683333                      IND NAME:BOODAH INC- BOSTON PSY TRN: 0038661967TC",-301.65,ACH_DEBIT,15243.35,,
DEBIT,01/03/2025,"ORIG CO NAME:INTUIT 47469926        ORIG ID:4462800242 DESC DATE:250103 CO ENTRY DESCR:PAYROLL   SEC:CCD    TRACE#:111000028659292 EED:250103   IND ID:9683333                      IND NAME:BOODAH INC- BOSTON PSY TRN: 0038659292TC",-331.42,ACH_DEBIT,15545.00,,
DEBIT,01/03/2025,"ORIG CO NAME:INTUIT 48338256        ORIG ID:4462800242 DESC DATE:250103 CO ENTRY DESCR:PAYROLL   SEC:CCD    TRACE#:111000028673497 EED:250103   IND ID:9683333                      IND NAME:BOODAH INC- BOSTON PSY TRN: 0038673497TC",-390.00,ACH_DEBIT,15876.42,,
DEBIT,01/03/2025,"ORIG CO NAME:INTUIT 47469926        ORIG ID:4462800242 DESC DATE:250103 CO ENTRY DESCR:PAYROLL   SEC:CCD    TRACE#:111000028659291 EED:250103   IND ID:9683333                      IND NAME:BOODAH INC- BOSTON PSY TRN: 0038659291TC",-468.36,ACH_DEBIT,16266.42,,
DEBIT,01/03/2025,"ORIG CO NAME:PAYROLL                ORIG ID:4462800242 DESC DATE:250103 CO ENTRY DESCR:PAYROLL   SEC:CCD    TRACE#:111000028687917 EED:250103   IND ID:9683333                      IND NAME:BOODAH INC TRN: 0038687917TC",-473.11,ACH_DEBIT,16734.78,,
DEBIT,01/03/2025,"ORIG CO NAME:PAYROLL                ORIG ID:4462800242 DESC DATE:250103 CO ENTRY DESCR:PAYROLL   SEC:CCD    TRACE#:111000028687916 EED:250103   IND ID:9683333                      IND NAME:BOODAH INC TRN: 0038687916TC",-543.00,ACH_DEBIT,17207.89,,
DEBIT,01/03/2025,"ORIG CO NAME:INTUIT 47469926        ORIG ID:4462800242 DESC DATE:250103 CO ENTRY DESCR:PAYROLL   SEC:CCD    TRACE#:111000028659289 EED:250103   IND ID:9683333                      IND NAME:BOODAH INC- BOSTON PSY TRN: 0038659289TC",-573.75,ACH_DEBIT,17750.89,,
DEBIT,01/03/2025,"ORIG CO NAME:PAYROLL                ORIG ID:4462800242 DESC DATE:250103 CO ENTRY DESCR:PAYROLL   SEC:CCD    TRACE#:111000028687919 EED:250103   IND ID:9683333                      IND NAME:BOODAH INC TRN: 0038687919TC",-640.00,ACH_DEBIT,18324.64,,
DEBIT,01/03/2025,"ORIG CO NAME:HOOVER AND COMPA       ORIG ID:271714485  DESC DATE:       CO ENTRY DESCR:ACH CollecSEC:CCD    TRACE#:082907270934786 EED:250103   IND ID:604645                       IND NAME:Boodah Psych TRN: 0030934786TC",-680.00,ACH_DEBIT,18964.64,,
DEBIT,01/03/2025,"ORIG CO NAME:INTUIT 48705533        ORIG ID:4462800242 DESC DATE:250103 CO ENTRY DESCR:PAYROLL   SEC:CCD    TRACE#:111000028661966 EED:250103   IND ID:9683333                      IND NAME:BOODAH INC- BOSTON PSY TRN: 0038661966TC",-703.84,ACH_DEBIT,19644.64,,
DEBIT,01/03/2025,"ORIG CO NAME:Innago LLC             ORIG ID:945440567  DESC DATE:       CO ENTRY DESCR:Innago LLCSEC:WEB    TRACE#:273976369987112 EED:250103   IND ID:      IW6K9YL5M              IND NAME:Colleen Long TRN: 0039987112TC",-730.00,ACH_DEBIT,20348.48,,
DEBIT,01/03/2025,"ORIG CO NAME:INTUIT 48752285        ORIG ID:4462800242 DESC DATE:250103 CO ENTRY DESCR:PAYROLL   SEC:CCD    TRACE#:111000028669934 EED:250103   IND ID:9683333                      IND NAME:BOODAH INC- BOSTON PSY TRN: 0038669934TC",-844.72,ACH_DEBIT,21078.48,,
DEBIT,01/03/2025,"ORIG CO NAME:Innago LLC             ORIG ID:945440567  DESC DATE:       CO ENTRY DESCR:Innago LLCSEC:WEB    TRACE#:273976369987113 EED:250103   IND ID:      I25MXJKGR              IND NAME:Colleen Long TRN: 0039987113TC",-902.00,ACH_DEBIT,21923.20,,
DEBIT,01/03/2025,"ORIG CO NAME:INTUIT 48705533        ORIG ID:4462800242 DESC DATE:250103 CO ENTRY DESCR:PAYROLL   SEC:CCD    TRACE#:111000028661965 EED:250103   IND ID:9683333                      IND NAME:BOODAH INC- BOSTON PSY TRN: 0038661965TC",-1004.62,ACH_DEBIT,22825.20,,
DEBIT,01/03/2025,"ORIG CO NAME:INTUIT 48705533        ORIG ID:4462800242 DESC DATE:250103 CO ENTRY DESCR:PAYROLL   SEC:CCD    TRACE#:111000028661964 EED:250103   IND ID:9683333                      IND NAME:BOODAH INC- BOSTON PSY TRN: 0038661964TC",-1012.66,ACH_DEBIT,23829.82,,
DEBIT,01/03/2025,"ORIG CO NAME:PAYROLL                ORIG ID:4462800242 DESC DATE:250103 CO ENTRY DESCR:PAYROLL   SEC:CCD    TRACE#:111000028687918 EED:250103   IND ID:9683333                      IND NAME:BOODAH INC TRN: 0038687918TC",-1099.89,ACH_DEBIT,24842.48,,
DEBIT,01/03/2025,"ORIG CO NAME:INTUIT 47469926        ORIG ID:4462800242 DESC DATE:250103 CO ENTRY DESCR:PAYROLL   SEC:CCD    TRACE#:111000028659296 EED:250103   IND ID:9683333                      IND NAME:BOODAH INC- BOSTON PSY TRN: 0038659296TC",-1299.99,ACH_DEBIT,25942.37,,
DEBIT,01/03/2025,"ORIG CO NAME:INTUIT 47469926        ORIG ID:4462800242 DESC DATE:250103 CO ENTRY DESCR:PAYROLL   SEC:CCD    TRACE#:111000028659294 EED:250103   IND ID:9683333                      IND NAME:BOODAH INC- BOSTON PSY TRN: 0038659294TC",-1476.53,ACH_DEBIT,27242.36,,
DEBIT,01/03/2025,"ORIG CO NAME:INTUIT 47469926        ORIG ID:4462800242 DESC DATE:250103 CO ENTRY DESCR:PAYROLL   SEC:CCD    TRACE#:111000028659295 EED:250103   IND ID:9683333                      IND NAME:BOODAH INC- BOSTON PSY TRN: 0038659295TC",-1642.63,ACH_DEBIT,28718.89,,
DEBIT,01/03/2025,"ORIG CO NAME:INTUIT 48755333        ORIG ID:4462800242 DESC DATE:250103 CO ENTRY DESCR:PAYROLL   SEC:CCD    TRACE#:111000028658258 EED:250103   IND ID:9683333                      IND NAME:BOODAH INC- BOSTON PSY TRN: 0038658258TC",-1653.67,ACH_DEBIT,30361.52,,
DEBIT,01/03/2025,"ORIG CO NAME:INTUIT 48755333        ORIG ID:4462800242 DESC DATE:250103 CO ENTRY DESCR:PAYROLL   SEC:CCD    TRACE#:111000028658257 EED:250103   IND ID:9683333                      IND NAME:BOODAH INC- BOSTON PSY TRN: 0038658257TC",-1653.68,ACH_DEBIT,32015.19,,
DEBIT,01/03/2025,"ORIG CO NAME:INTUIT 47469926        ORIG ID:4462800242 DESC DATE:250103 CO ENTRY DESCR:PAYROLL   SEC:CCD    TRACE#:111000028659297 EED:250103   IND ID:9683333                      IND NAME:BOODAH INC- BOSTON PSY TRN: 0038659297TC",-1693.67,ACH_DEBIT,33668.87,,
CREDIT,01/03/2025,"ORIG CO NAME:NGS, INC.              ORIG ID:I351840597 DESC DATE:241230 CO ENTRY DESCR:HCCLAIMPMTSEC:CCD    TRACE#:042000014379643 EED:250103   IND ID:1104390525                   IND NAME:BOODAH, INC                TRN*1*896204918*1351840597~                                                       MEDICARE B OF NE TRN: 0034379643TC",91.45,ACH_CREDIT,35362.54,,
CREDIT,01/03/2025,"ORIG CO NAME:Tufts Associated       ORIG ID:1400000002 DESC DATE:241231 CO ENTRY DESCR:HCCLAIMPMTSEC:CCD    TRACE#:111000025282973 EED:250103   IND ID:                             IND NAME:BOODAH, INC                TRN*1*012522310*1042674079\ TRN: 0035282973TC",126.42,ACH_CREDIT,35271.09,,
CREDIT,01/03/2025,"ORIG CO NAME:STRIPE                 ORIG ID:1800948598 DESC DATE:       CO ENTRY DESCR:TRANSFER  SEC:CCD    TRACE#:091000019071471 EED:250103   IND ID:ST-Q6P9J0G2L9R4              IND NAME:BOODAH INC TRN: 0039071471TC",183.89,ACH_CREDIT,35144.67,,
CREDIT,01/03/2025,"ORIG CO NAME:HPHC EFT CLEARI        ORIG ID:8042452600 DESC DATE:241231 CO ENTRY DESCR:HCCLAIMPMTSEC:CCD    TRACE#:051000014491151 EED:250103   IND ID:                             IND NAME:BOODAH INC                 TRN*1*502386725*1042452600*HPHC\ TRN: 0034491151TC",506.59,ACH_CREDIT,34960.78,,
CREDIT,01/03/2025,"ORIG CO NAME:AETNA A04              ORIG ID:1066033492 DESC DATE:       CO ENTRY DESCR:HCCLAIMPMTSEC:CCD    TRACE#:031100204051291 EED:250103   IND ID:1104390525                   IND NAME:BOODAH INC                 TRN*1*824365000158379*1066033492\ TRN: 0034051291TC",1495.66,ACH_CREDIT,34454.19,,
DEBIT,01/02/2025,"ORIG CO NAME:KEY MERCHANT SVS       ORIG ID:2580215200 DESC DATE:241231 CO ENTRY DESCR:DISCOUNT  SEC:CCD    TRACE#:041001031231013 EED:250102   IND ID:896246463880                 IND NAME:BOSTON PSYCHOLOGICAL T                                                                                       1-800-304-9856 TRN: 0021231013TC",-0.74,ACH_DEBIT,32958.53,,
DEBIT,01/02/2025,"ORIG CO NAME:PAYPAL                 ORIG ID:PAYPALSI77 DESC DATE:250101 CO ENTRY DESCR:INST XFER SEC:WEB    TRACE#:091000012199255 EED:250102   IND ID:SPOTIFYUSAI                  IND NAME:BOODAH  INC                                                                                                  INSTANT TRANSFER TRN: 0022199255TC",-19.99,MISC_DEBIT,32959.27,,
DEBIT,01/02/2025,"ORIG CO NAME:INTUIT 81579275        ORIG ID:4462800242 DESC DATE:250102 CO ENTRY DESCR:TAX       SEC:CCD    TRACE#:111000027538550 EED:250102   IND ID:9683333                      IND NAME:BOODAH INC TRN: 0027538550TC",-107.25,ACH_DEBIT,32979.26,,
DEBIT,01/02/2025,"ORIG CO NAME:PAY PLUS               ORIG ID:5452579291 DESC DATE:241231 CO ENTRY DESCR:ACHTrans  SEC:CCD    TRACE#:101000697466380 EED:250102   IND ID:49922501                     IND NAME:Default debit account      FeeTransfer REF#49923868                                                          PPSACCOUNT TRN: 0027466380TC",-4.25,ACH_DEBIT,33086.51,,
CREDIT,01/02/2025,"ORIG CO NAME:EASYPAY                ORIG ID:1340797057 DESC DATE:250101 CO ENTRY DESCR:INSTFUNDINSEC:CCD    TRACE#:041001031230644 EED:250102   IND ID:896246463880                 IND NAME:BOODAH INC TRN: 0021230644TC",15.00,ACH_CREDIT,33090.76,,
CREDIT,01/02/2025,"ORIG CO NAME:HUMANA GOVT BUSI       ORIG ID:3611241225 DESC DATE:123024 CO ENTRY DESCR:HCCLAIMPMTSEC:CCD    TRACE#:111000023839657 EED:250102   IND ID:5000907147                   IND NAME:BOODAH INC                 TRN*1*5000907147*1611241225*WPSEAST   \ TRN: 0023839657TC",59.35,ACH_CREDIT,33075.76,,
CREDIT,01/02/2025,"ORIG CO NAME:CIGNA                  ORIG ID:9751677627 DESC DATE:122824 CO ENTRY DESCR:HCCLAIMPMTSEC:CCD    TRACE#:091000014108706 EED:250102   IND ID:825169916                    IND NAME:/BOODAH INC                TRN*1*241228090059791*1591031071\ TRN: 0024108706TC",1231.00,ACH_CREDIT,33016.41,,
CREDIT,01/02/2025,"ORIG CO NAME:BCBS OF MASS           ORIG ID:1041045815 DESC DATE:122724 CO ENTRY DESCR:HCCLAIMPMTSEC:CCD    TRACE#:091000013509214 EED:250102   IND ID:741292058                    IND NAME:70020000LMG471             TRN*1*741292058*1041045815\ TRN: 0023509214TC",20451.64,ACH_CREDIT,31785.41,,
DEBIT,12/31/2024,"Online Payment 22913662562 To Bus Rev Crdt 4002 12/31",-600.00,LOAN_PMT,11333.77,,
DEBIT,12/31/2024,"ORIG CO NAME:TESLA FINANCE LL       ORIG ID:Z912197729 DESC DATE:B24365 CO ENTRY DESCR:TESLA FINASEC:PPD    TRACE#:091000010012656 EED:241231   IND ID:                             IND NAME:COLLEEN GALLICCHIO TRN: 3660012656TC",-1456.08,MISC_DEBIT,11933.77,,
CREDIT,12/31/2024,"ORIG CO NAME:HUMANA GOVT BUSI       ORIG ID:3611241225 DESC DATE:122724 CO ENTRY DESCR:HCCLAIMPMTSEC:CCD    TRACE#:111000027711302 EED:241231   IND ID:5000883429                   IND NAME:BOODAH INC                 TRN*1*5000883429*1611241225*WPSEAST   \ TRN: 3667711302TC",59.35,ACH_CREDIT,13389.85,,
CREDIT,12/31/2024,"ORIG CO NAME:PAY PLUS               ORIG ID:6452579291 DESC DATE:241231 CO ENTRY DESCR:HCCLAIMPMTSEC:CCD    TRACE#:101000699482241 EED:241231   IND ID:825169916                    IND NAME:COLLEEN LONG GALLACCHI     TRN*1*598450370*1042734278\                                                       PPSACCOUNT TRN: 3669482241TC",88.93,ACH_CREDIT,13330.50,,
CREDIT,12/31/2024,"ORIG CO NAME:NGS, INC.              ORIG ID:I351840597 DESC DATE:241226 CO ENTRY DESCR:HCCLAIMPMTSEC:CCD    TRACE#:042000017849964 EED:241231   IND ID:1104390525                   IND NAME:BOODAH, INC                TRN*1*896195842*1351840597~                                                       MEDICARE B OF NE TRN: 3667849964TC",91.45,ACH_CREDIT,13241.57,,
CREDIT,12/31/2024,"ORIG CO NAME:MBHP Behav Z Val       ORIG ID:1043307857 DESC DATE:241227 CO ENTRY DESCR:HCCLAIMPMTSEC:CCD    TRACE#:111000027926292 EED:241231   IND ID:                             IND NAME:BOODAH INC                 TRN*1*0002182124*1541414194\ TRN: 3667926292TC",95.46,ACH_CREDIT,13150.12,,
CREDIT,12/31/2024,"ORIG CO NAME:PAY PLUS               ORIG ID:6452579291 DESC DATE:241231 CO ENTRY DESCR:HCCLAIMPMTSEC:CCD    TRACE#:101000699482243 EED:241231   IND ID:825169916                    IND NAME:COLLEEN LONG GALLACCHI     TRN*1*598450952*1042734278\                                                       PPSACCOUNT TRN: 3669482243TC",134.98,ACH_CREDIT,13054.66,,
CREDIT,12/31/2024,"ORIG CO NAME:STRIPE                 ORIG ID:1800948598 DESC DATE:       CO ENTRY DESCR:TRANSFER  SEC:CCD    TRACE#:091000019121243 EED:241231   IND ID:ST-H8U0M5T6M4D6              IND NAME:BOODAH INC TRN: 3669121243TC",328.63,ACH_CREDIT,12919.68,,
DEBIT,12/30/2024,"VERIZON*RECURRING PAY 800-VERIZON FL         12/30",-95.60,DEBIT_CARD,12591.05,,
CHECK,12/30/2024,"CHECK 231  ",-200.00,CHECK_PAID,12686.65,231,
DEBIT,12/30/2024,"ORIG CO NAME:KEY MERCHANT SVS       ORIG ID:2580215200 DESC DATE:241227 CO ENTRY DESCR:DISCOUNT  SEC:CCD    TRACE#:041001030339792 EED:241230   IND ID:896246463880                 IND NAME:BOSTON PSYCHOLOGICAL T                                                                                       1-800-304-9856 TRN: 3650339792TC",-3.20,ACH_DEBIT,12886.65,,
DEBIT,12/30/2024,"ORIG CO NAME:Qualifacts Syste       ORIG ID:0000512692 DESC DATE:       CO ENTRY DESCR:VSP*QualifSEC:CCD    TRACE#:096016930504113 EED:241230   IND ID:15962831                     IND NAME:Colleen Gallicchio                                                                                           6153866755 TRN: 3650504113TC",-600.00,ACH_DEBIT,12889.85,,
DEBIT,12/30/2024,"ORIG CO NAME:PAY PLUS               ORIG ID:5452579291 DESC DATE:241227 CO ENTRY DESCR:ACHTrans  SEC:CCD    TRACE#:101000698554103 EED:241230   IND ID:49429402                     IND NAME:Default debit account      FeeTransfer REF#49429402                                                          PPSACCOUNT TRN: 3658554103TC",-7.02,ACH_DEBIT,13489.85,,
CREDIT,12/30/2024,"ORIG CO NAME:HUMANA GOVT BUSI       ORIG ID:2610647538 DESC DATE:122624 CO ENTRY DESCR:HCCLAIMPMTSEC:CCD    TRACE#:111000023241791 EED:241230   IND ID:2238580706                   IND NAME:BOODAH INC                 TRN*1*2238580706*1611241225*WPSEAST   \ TRN: 3653241791TC",79.14,ACH_CREDIT,13496.87,,
CREDIT,12/30/2024,"ORIG CO NAME:HUMANA GOVT BUSI       ORIG ID:2610647538 DESC DATE:122624 CO ENTRY DESCR:HCCLAIMPMTSEC:CCD    TRACE#:111000023226424 EED:241230   IND ID:2238553834                   IND NAME:BOODAH INC                 TRN*1*2238553834*1611241225*WPSEAST   \ TRN: 3653226424TC",79.14,ACH_CREDIT,13417.73,,
CREDIT,12/30/2024,"ORIG CO NAME:EASYPAY                ORIG ID:1340797057 DESC DATE:241228 CO ENTRY DESCR:INSTFUNDINSEC:CCD    TRACE#:041001030339754 EED:241230   IND ID:896246463880                 IND NAME:BOODAH INC TRN: 3650339754TC",100.00,ACH_CREDIT,13338.59,,
CREDIT,12/30/2024,"ORIG CO NAME:STRIPE                 ORIG ID:1800948598 DESC DATE:       CO ENTRY DESCR:TRANSFER  SEC:CCD    TRACE#:091000012911205 EED:241230   IND ID:ST-Y3Z9W0B7U4I0              IND NAME:BOODAH INC TRN: 3652911205TC",110.76,ACH_CREDIT,13238.59,,
CREDIT,12/30/2024,"ORIG CO NAME:EASYPAY                ORIG ID:1340797057 DESC DATE:241227 CO ENTRY DESCR:INSTFUNDINSEC:CCD    TRACE#:041001039169340 EED:241230   IND ID:896246463880                 IND NAME:BOODAH INC TRN: 3659169340TC",120.00,ACH_CREDIT,13127.83,,
CREDIT,12/30/2024,"ORIG CO NAME:UNITED BEHAVIORA       ORIG ID:1805600001 DESC DATE:       CO ENTRY DESCR:HCCLAIMPMTSEC:CCD    TRACE#:124384871858386 EED:241230   IND ID:825169916                    IND NAME:Boodah Inc                 TRN*1*24360B1000007998*1411289245*0 00087726\ TRN: 3651858386TC",122.09,ACH_CREDIT,13007.83,,
CREDIT,12/30/2024,"ORIG CO NAME:UNITED BEHAVIORA       ORIG ID:1805600001 DESC DATE:       CO ENTRY DESCR:HCCLAIMPMTSEC:CCD    TRACE#:124384871754548 EED:241230   IND ID:825169916                    IND NAME:Boodah Inc                 TRN*1*24360B1000009463*1411289245*0 00087726\ TRN: 3651754548TC",143.53,ACH_CREDIT,12885.74,,
CREDIT,12/30/2024,"ORIG CO NAME:COMM OF MASS           ORIG ID:A046002284 DESC DATE:241227 CO ENTRY DESCR:HCCLAIMPMTSEC:CCD    TRACE#:022000042205263 EED:241230   IND ID:VC0001203281                 IND NAME:BOODAH INC                 TRN*1*0000362I4000579*1046002284*10 6115754\                                      TREVENDOR TRN: 3652205263TC",701.45,ACH_CREDIT,12742.21,,
CREDIT,12/30/2024,"ORIG CO NAME:WELLPOINT 05C          ORIG ID:0365BA293A DESC DATE:       CO ENTRY DESCR:HCCLAIMPMTSEC:CCD    TRACE#:111000023182886 EED:241230   IND ID:3259899540                   IND NAME:BOODAH  INC                TRN*1*3259899540*1520913817\                                                      EDI PAYMENT TRN: 3653182886TC",1639.98,ACH_CREDIT,12040.76,,
CREDIT,12/30/2024,"ORIG CO NAME:TUFTS ASSOCIATED       ORIG ID:4800721489 DESC DATE:241224 CO ENTRY DESCR:HCCLAIMPMTSEC:CCD    TRACE#:111000023211385 EED:241230   IND ID:                             IND NAME:BOODAH INC                 TRN*1*71160977*1042674079\ TRN: 3653211385TC",1738.45,ACH_CREDIT,10400.78,,
DEBIT,12/27/2024,"ORIG CO NAME:KEY MERCHANT SVS       ORIG ID:2580215200 DESC DATE:241226 CO ENTRY DESCR:DISCOUNT  SEC:CCD    TRACE#:041001035763179 EED:241227   IND ID:896246463880                 IND NAME:BOSTON PSYCHOLOGICAL T                                                                                       1-800-304-9856 TRN: 3625763179TC",-4.38,ACH_DEBIT,8662.33,,
DEBIT,12/27/2024,"ORIG CO NAME:PAYPAL                 ORIG ID:PAYPALSI77 DESC DATE:241226 CO ENTRY DESCR:INST XFER SEC:WEB    TRACE#:091000015360796 EED:241227   IND ID:DISNEY PLUS                  IND NAME:BOODAH  INC                                                                                                  INSTANT TRANSFER TRN: 3625360796TC",-19.99,MISC_DEBIT,8666.71,,
DEBIT,12/27/2024,"ORIG CO NAME:PAY PLUS               ORIG ID:5452579291 DESC DATE:241226 CO ENTRY DESCR:ACHTrans  SEC:CCD    TRACE#:101000692348837 EED:241227   IND ID:49300264                     IND NAME:Default debit account      FeeTransfer REF#49300264                                                          PPSACCOUNT TRN: 3622348837TC",-24.41,ACH_DEBIT,8686.70,,
DEBIT,12/27/2024,"ORIG CO NAME:ANTHEM BLUE I01O       ORIG ID:CP35214571 DESC DATE:       CO ENTRY DESCR:CORP PYMT SEC:CCD    TRACE#:111000022439601 EED:241227   IND ID:FL00844549                   IND NAME:CLARITY CALIFORNIA PSY                                                                                       EDI PAYMENT TRN: 3622439601TC",-7598.86,ACH_DEBIT,8711.11,,
CREDIT,12/27/2024,"ORIG CO NAME:EASYPAY                ORIG ID:1340797057 DESC DATE:241226 CO ENTRY DESCR:INSTFUNDINSEC:CCD    TRACE#:041001032411569 EED:241227   IND ID:896246463880                 IND NAME:BOODAH INC TRN: 3622411569TC",10.00,ACH_CREDIT,16309.97,,
CREDIT,12/27/2024,"ORIG CO NAME:PAY PLUS               ORIG ID:9391995276 DESC DATE:241227 CO ENTRY DESCR:HCCLAIMPMTSEC:CCD    TRACE#:021000022820330 EED:241227   IND ID:825169916                    IND NAME:COLLEEN LONG GALLACCHI     TRN*1*596200646*1391995276\                                                       PPSACCOUNT TRN: 3622820330TC",84.48,ACH_CREDIT,16299.97,,
CREDIT,12/27/2024,"ORIG CO NAME:STRIPE                 ORIG ID:1800948598 DESC DATE:       CO ENTRY DESCR:TRANSFER  SEC:CCD    TRACE#:091000012003744 EED:241227   IND ID:ST-O8K5Y1A4B3C4              IND NAME:BOODAH INC TRN: 3622003744TC",105.60,ACH_CREDIT,16215.49,,
CREDIT,12/27/2024,"ORIG CO NAME:AETNA A04              ORIG ID:1066033492 DESC DATE:       CO ENTRY DESCR:HCCLAIMPMTSEC:CCD    TRACE#:031100205743811 EED:241227   IND ID:1104390525                   IND NAME:BOODAH INC                 TRN*1*824358000049771*1066033492\ TRN: 3625743811TC",114.08,ACH_CREDIT,16109.89,,
CREDIT,12/27/2024,"ORIG CO NAME:UNITED BEHAVIORA       ORIG ID:1805600001 DESC DATE:       CO ENTRY DESCR:HCCLAIMPMTSEC:CCD    TRACE#:124384875156941 EED:241227   IND ID:825169916                    IND NAME:Boodah Inc                 TRN*1*24356B1000011932*1411289245*0 00087726\ TRN: 3625156941TC",122.09,ACH_CREDIT,15995.81,,
CREDIT,12/27/2024,"ORIG CO NAME:UNITED BEHAVIORA       ORIG ID:1805600001 DESC DATE:       CO ENTRY DESCR:HCCLAIMPMTSEC:CCD    TRACE#:124384875157413 EED:241227   IND ID:825169916                    IND NAME:Boodah Inc                 TRN*1*24356B1000013987*1411289245*0 00087726\ TRN: 3625157413TC",138.26,ACH_CREDIT,15873.72,,
CREDIT,12/27/2024,"ORIG CO NAME:AETNA AS01             ORIG ID:1066033492 DESC DATE:       CO ENTRY DESCR:HCCLAIMPMTSEC:CCD    TRACE#:051000015858994 EED:241227   IND ID:1104390525                   IND NAME:BOODAH INC                 TRN*1*824358000049766*1066033492\ TRN: 3625858994TC",167.17,ACH_CREDIT,15735.46,,
CREDIT,12/27/2024,"ORIG CO NAME:PAY PLUS               ORIG ID:6452579291 DESC DATE:241227 CO ENTRY DESCR:HCCLAIMPMTSEC:CCD    TRACE#:101000692347693 EED:241227   IND ID:825169916                    IND NAME:COLLEEN LONG GALLACCHI     TRN*1*596908046*1042734278\                                                       PPSACCOUNT TRN: 3622347693TC",284.89,ACH_CREDIT,15568.29,,
CREDIT,12/27/2024,"ORIG CO NAME:HPHC EFT CLEARI        ORIG ID:8042452600 DESC DATE:241224 CO ENTRY DESCR:HCCLAIMPMTSEC:CCD    TRACE#:051000015835279 EED:241227   IND ID:                             IND NAME:BOODAH INC                 TRN*1*502379403*1042452600*HPHC\ TRN: 3625835279TC",1564.87,ACH_CREDIT,15283.40,,
DEBIT,12/26/2024,"ORIG CO NAME:KEY MERCHANT SVS       ORIG ID:2580215200 DESC DATE:241225 CO ENTRY DESCR:DISCOUNT  SEC:CCD    TRACE#:041001038457145 EED:241226   IND ID:896246463880                 IND NAME:BOSTON PSYCHOLOGICAL T                                                                                       1-800-304-9856 TRN: 3618457145TC",-0.59,ACH_DEBIT,13718.53,,
DEBIT,12/26/2024,"ORIG CO NAME:PAYPAL                 ORIG ID:PAYPALSI77 DESC DATE:241224 CO ENTRY DESCR:INST XFER SEC:WEB    TRACE#:091000018401994 EED:241226   IND ID:NETFLIX.COM                  IND NAME:BOODAH  INC                                                                                                  INSTANT TRANSFER TRN: 3618401994TC",-22.99,MISC_DEBIT,13719.12,,
DEBIT,12/26/2024,"ORIG CO NAME:IRS                    ORIG ID:3387702000 DESC DATE:122624 CO ENTRY DESCR:USATAXPYMTSEC:CCD    TRACE#:061036013206098 EED:241226   IND ID:227476166248379              IND NAME:BOODAH INC TRN: 3613206098TC",-7007.95,ACH_DEBIT,13742.11,,
CREDIT,12/26/2024,"ORIG CO NAME:HUMANA GOVT BUSI       ORIG ID:2610647538 DESC DATE:122324 CO ENTRY DESCR:HCCLAIMPMTSEC:CCD    TRACE#:111000022020575 EED:241226   IND ID:2238505902                   IND NAME:BOODAH INC                 TRN*1*2238505902*1611241225*WPSEAST   \ TRN: 3612020575TC",104.33,ACH_CREDIT,20750.06,,
CREDIT,12/26/2024,"ORIG CO NAME:HUMANA GOVT BUSI       ORIG ID:3611241225 DESC DATE:122324 CO ENTRY DESCR:HCCLAIMPMTSEC:CCD    TRACE#:111000022100078 EED:241226   IND ID:5000852796                   IND NAME:BOODAH INC                 TRN*1*5000852796*1611241225*WPSEAST   \ TRN: 3612100078TC",146.83,ACH_CREDIT,20645.73,,
CREDIT,12/26/2024,"ORIG CO NAME:EASYPAY                ORIG ID:1340797057 DESC DATE:241224 CO ENTRY DESCR:INSTFUNDINSEC:CCD    TRACE#:041001038534288 EED:241226   IND ID:896246463880                 IND NAME:BOODAH INC TRN: 3618534288TC",156.57,ACH_CREDIT,20498.90,,
CREDIT,12/26/2024,"ORIG CO NAME:BCBS OF MASS           ORIG ID:1041045815 DESC DATE:122024 CO ENTRY DESCR:HCCLAIMPMTSEC:CCD    TRACE#:091000012047724 EED:241226   IND ID:741223315                    IND NAME:70020000LMG471             TRN*1*741223315*1041045815\ TRN: 3612047724TC",1244.46,ACH_CREDIT,20342.33,,
CREDIT,12/26/2024,"ORIG CO NAME:PAY PLUS               ORIG ID:6452579291 DESC DATE:241226 CO ENTRY DESCR:HCCLAIMPMTSEC:CCD    TRACE#:101000698294212 EED:241226   IND ID:825169916                    IND NAME:COLLEEN LONG GALLACCHI     TRN*1*596118533*1042734278\                                                       PPSACCOUNT TRN: 3618294212TC",1284.89,ACH_CREDIT,19097.87,,
CREDIT,12/26/2024,"ORIG CO NAME:STRIPE                 ORIG ID:1800948598 DESC DATE:       CO ENTRY DESCR:TRANSFER  SEC:CCD    TRACE#:091000010237172 EED:241226   IND ID:ST-I8T0V4T5I6G1              IND NAME:BOODAH INC TRN: 3610237172TC",1407.05,ACH_CREDIT,17812.98,,
CREDIT,12/26/2024,"ORIG CO NAME:BCBS OF MASS           ORIG ID:1041045815 DESC DATE:122024 CO ENTRY DESCR:HCCLAIMPMTSEC:CCD    TRACE#:091000012047736 EED:241226   IND ID:741240511                    IND NAME:70020000LMG471             TRN*1*741240511*1041045815\ TRN: 3612047736TC",3294.50,ACH_CREDIT,16405.93,,
DEBIT,12/24/2024,"ORIG CO NAME:KEY MERCHANT SVS       ORIG ID:2580215200 DESC DATE:241223 CO ENTRY DESCR:DISCOUNT  SEC:CCD    TRACE#:041001034397611 EED:241224   IND ID:896246463880                 IND NAME:BOSTON PSYCHOLOGICAL T                                                                                       1-800-304-9856 TRN: 3594397611TC",-4.84,ACH_DEBIT,13111.43,,
DEBIT,12/24/2024,"Online Payment 22829950006 To Bus Rev Crdt 4002 12/24",-5625.00,LOAN_PMT,13116.27,,
DEBIT,12/24/2024,"ORIG CO NAME:PAYROLL                ORIG ID:1943345425 DESC DATE:241224 CO ENTRY DESCR:TAX       SEC:CCD    TRACE#:111000021976589 EED:241224   IND ID:9683333                      IND NAME:BOODAH INC- BOSTON PSY TRN: 3591976589TC",-210.64,ACH_DEBIT,18741.27,,
DEBIT,12/24/2024,"ORIG CO NAME:INTUIT 47472095        ORIG ID:4462800242 DESC DATE:241224 CO ENTRY DESCR:PAYROLL   SEC:CCD    TRACE#:111000027956728 EED:241224   IND ID:9683333                      IND NAME:BOODAH INC- BOSTON PSY TRN: 3597956728TC",-98.27,ACH_DEBIT,18951.91,,
DEBIT,12/24/2024,"ORIG CO NAME:INTUIT 47472095        ORIG ID:4462800242 DESC DATE:241224 CO ENTRY DESCR:PAYROLL   SEC:CCD    TRACE#:111000027956729 EED:241224   IND ID:9683333                      IND NAME:BOODAH INC- BOSTON PSY TRN: 3597956729TC",-271.97,ACH_DEBIT,19050.18,,
DEBIT,12/24/2024,"ORIG CO NAME:PAYPAL                 ORIG ID:PAYPALSI77 DESC DATE:241223 CO ENTRY DESCR:INST XFER SEC:WEB    TRACE#:091000018071232 EED:241224   IND ID:1039151386405                IND NAME:BOODAH  INC                                                                                                  INSTANT TRANSFER TRN: 3598071232TC",-290.06,MISC_DEBIT,19322.15,,
DEBIT,12/24/2024,"ORIG CO NAME:INTUIT 47472095        ORIG ID:4462800242 DESC DATE:241224 CO ENTRY DESCR:PAYROLL   SEC:CCD    TRACE#:111000027956730 EED:241224   IND ID:9683333                      IND NAME:BOODAH INC- BOSTON PSY TRN: 3597956730TC",-382.67,ACH_DEBIT,19612.21,,
DEBIT,12/24/2024,"ORIG CO NAME:INTUIT 47675718        ORIG ID:4462800242 DESC DATE:241224 CO ENTRY DESCR:PAYROLL   SEC:CCD    TRACE#:111000027962348 EED:241224   IND ID:9683333                      IND NAME:BOODAH INC- BOSTON PSY TRN: 3597962348TC",-668.61,ACH_DEBIT,19994.88,,
DEBIT,12/24/2024,"ORIG CO NAME:INTUIT 47675718        ORIG ID:4462800242 DESC DATE:241224 CO ENTRY DESCR:PAYROLL   SEC:CCD    TRACE#:111000027962349 EED:241224   IND ID:9683333                      IND NAME:BOODAH INC- BOSTON PSY TRN: 3597962349TC",-668.62,ACH_DEBIT,20663.49,,
DEBIT,12/24/2024,"ORIG CO NAME:INTUIT 47472095        ORIG ID:4462800242 DESC DATE:241224 CO ENTRY DESCR:PAYROLL   SEC:CCD    TRACE#:111000027956731 EED:241224   IND ID:9683333                      IND NAME:BOODAH INC- BOSTON PSY TRN: 3597956731TC",-892.91,ACH_DEBIT,21332.11,,
CREDIT,12/24/2024,"ORIG CO NAME:HUMANA GOVT BUSI       ORIG ID:3611241225 DESC DATE:122024 CO ENTRY DESCR:HCCLAIMPMTSEC:CCD    TRACE#:111000029267812 EED:241224   IND ID:5000825905                   IND NAME:BOODAH INC                 TRN*1*5000825905*1611241225*WPSEAST   \ TRN: 3599267812TC",59.35,ACH_CREDIT,22225.02,,
CREDIT,12/24/2024,"ORIG CO NAME:Carelon Behav Z        ORIG ID:2043324848 DESC DATE:241220 CO ENTRY DESCR:HCCLAIMPMTSEC:CCD    TRACE#:011500128220860 EED:241224   IND ID:                             IND NAME:BOODAH INC                 TRN*1*8047182*1043324848\ TRN: 3598220860TC",125.69,ACH_CREDIT,22165.67,,
CREDIT,12/24/2024,"ORIG CO NAME:HUMANA GOVT BUSI       ORIG ID:2610647538 DESC DATE:122024 CO ENTRY DESCR:HCCLAIMPMTSEC:CCD    TRACE#:111000029267795 EED:241224   IND ID:2238440850                   IND NAME:BOODAH INC                 TRN*1*2238440850*1611241225*WPSEAST   \ TRN: 3599267795TC",217.63,ACH_CREDIT,22039.98,,
CREDIT,12/24/2024,"ORIG CO NAME:STRIPE                 ORIG ID:1800948598 DESC DATE:       CO ENTRY DESCR:TRANSFER  SEC:CCD    TRACE#:091000017678834 EED:241224   IND ID:ST-H0X9V5Z7W4X1              IND NAME:BOODAH INC TRN: 3597678834TC",261.57,ACH_CREDIT,21822.35,,
CREDIT,12/24/2024,"ORIG CO NAME:Carelon Behav Z        ORIG ID:3043324848 DESC DATE:241220 CO ENTRY DESCR:HCCLAIMPMTSEC:CCD    TRACE#:011500129262976 EED:241224   IND ID:                             IND NAME:BOODAH INC                 TRN*1*8050010*1043324848\ TRN: 3599262976TC",1585.04,ACH_CREDIT,21560.78,,
DEBIT,12/23/2024,"ORIG CO NAME:CAPITAL ONE            ORIG ID:9541719318 DESC DATE:241222 CO ENTRY DESCR:CRCARDPMT SEC:CCD    TRACE#:021000027849538 EED:241223   IND ID:3YSD6MXYPWARSHS              IND NAME:COLLEEN GALLICCHIO TRN: 3587849538TC",-7863.13,ACH_DEBIT,19975.74,,
CHECK,12/23/2024,"CHECK 230  ",-400.00,CHECK_PAID,27838.87,230,
DEBIT,12/23/2024,"ORIG CO NAME:KEY MERCHANT SVS       ORIG ID:2580215200 DESC DATE:241221 CO ENTRY DESCR:DISCOUNT  SEC:CCD    TRACE#:041001031819697 EED:241223   IND ID:896246463880                 IND NAME:BOSTON PSYCHOLOGICAL T                                                                                       1-800-304-9856 TRN: 3581819697TC",-1.03,ACH_DEBIT,28238.87,,
DEBIT,12/23/2024,"ORIG CO NAME:KEY MERCHANT SVS       ORIG ID:2580215200 DESC DATE:241220 CO ENTRY DESCR:DISCOUNT  SEC:CCD    TRACE#:041001031819700 EED:241223   IND ID:896246463880                 IND NAME:BOSTON PSYCHOLOGICAL T                                                                                       1-800-304-9856 TRN: 3581819700TC",-1.61,ACH_DEBIT,28239.90,,
DEBIT,12/23/2024,"Online Payment 22785802924 To Cynthia Pearson 12/23",-450.00,BILLPAY,28241.51,,
DEBIT,12/23/2024,"Online Payment 22785628831 To Pacific Realty Trust 12/23",-978.00,BILLPAY,28691.51,,
DEBIT,12/23/2024,"ORIG CO NAME:CAPITAL ONE            ORIG ID:9279744380 DESC DATE:241221 CO ENTRY DESCR:MOBILE PMTSEC:CCD    TRACE#:056073610153095 EED:241223   IND ID:3YRZL4LTQLXX69S              IND NAME:COLLEEN GALLICCHIO TRN: 3580153095TC",-5000.00,ACH_DEBIT,29669.51,,
DEBIT,12/23/2024,"ORIG CO NAME:ADVS ED SERV PPD       ORIG ID:9102001101 DESC DATE:241220 CO ENTRY DESCR:STUDNTLOANSEC:PPD    TRACE#:041036044884644 EED:241223   IND ID:                             IND NAME:COLLEEN F GALLICCHIO TRN: 3584884644TC",-483.42,ACH_DEBIT,34669.51,,
DEBIT,12/23/2024,"ORIG CO NAME:AEGON USA              ORIG ID:1420947998 DESC DATE:SEP 05 CO ENTRY DESCR:CONTRIBUTESEC:CCD    TRACE#:091000014759681 EED:241223   IND ID:20241219922K38               IND NAME:935014    00000            20241219922K384696945654377560028CO RP TRN: 3584759681TC",-1828.24,ACH_DEBIT,35152.93,,
DEBIT,12/23/2024,"ORIG CO NAME:AEGON USA              ORIG ID:1420947998 DESC DATE:SEP 05 CO ENTRY DESCR:CONTRIBUTESEC:CCD    TRACE#:091000014759663 EED:241223   IND ID:20241219922JTR               IND NAME:935014    00000            20241219922JTR4696945654377560028CO RP TRN: 3584759663TC",-1956.96,ACH_DEBIT,36981.17,,
DEBIT,12/23/2024,"ORIG CO NAME:AEGON USA              ORIG ID:1420947998 DESC DATE:SEP 05 CO ENTRY DESCR:CONTRIBUTESEC:CCD    TRACE#:091000014759683 EED:241223   IND ID:20241219922KGR               IND NAME:935014    00000            20241219922KGR4696945654377560028CO RP TRN: 3584759683TC",-2084.16,ACH_DEBIT,38938.13,,
DEBIT,12/23/2024,"ORIG CO NAME:AEGON USA              ORIG ID:1420947998 DESC DATE:SEP 05 CO ENTRY DESCR:CONTRIBUTESEC:CCD    TRACE#:091000014759673 EED:241223   IND ID:20241219922JZX               IND NAME:935014    00000            20241219922JZX4696945654377560028CO RP TRN: 3584759673TC",-2093.37,ACH_DEBIT,41022.29,,
DEBIT,12/23/2024,"ORIG CO NAME:AEGON USA              ORIG ID:1420947998 DESC DATE:SEP 05 CO ENTRY DESCR:CONTRIBUTESEC:CCD    TRACE#:091000014759679 EED:241223   IND ID:20241219922K3K               IND NAME:935014    00000            20241219922K3K4696945654377560028CO RP TRN: 3584759679TC",-2098.69,ACH_DEBIT,43115.66,,
DEBIT,12/23/2024,"ORIG CO NAME:AEGON USA              ORIG ID:1420947998 DESC DATE:SEP 05 CO ENTRY DESCR:CONTRIBUTESEC:CCD    TRACE#:091000014759685 EED:241223   IND ID:20241219922KH3               IND NAME:935014    00000            20241219922KH34696945654377560028CO RP TRN: 3584759685TC",-2210.57,ACH_DEBIT,45214.35,,
CREDIT,12/23/2024,"ORIG CO NAME:EASYPAY                ORIG ID:1340797057 DESC DATE:241222 CO ENTRY DESCR:INSTFUNDINSEC:CCD    TRACE#:041001031819681 EED:241223   IND ID:896246463880                 IND NAME:BOODAH INC TRN: 3581819681TC",25.00,ACH_CREDIT,47424.92,,
CREDIT,12/23/2024,"ORIG CO NAME:EASYPAY                ORIG ID:1340797057 DESC DATE:241221 CO ENTRY DESCR:INSTFUNDINSEC:CCD    TRACE#:041001031819667 EED:241223   IND ID:896246463880                 IND NAME:BOODAH INC TRN: 3581819667TC",45.00,ACH_CREDIT,47399.92,,
CREDIT,12/23/2024,"ORIG CO NAME:STRIPE                 ORIG ID:1800948598 DESC DATE:       CO ENTRY DESCR:TRANSFER  SEC:CCD    TRACE#:091000019261635 EED:241223   IND ID:ST-I8H0A4Q3X4G8              IND NAME:BOODAH INC TRN: 3589261635TC",776.20,ACH_CREDIT,47354.92,,
DEBIT,12/20/2024,"ORIG CO NAME:PAYROLL                ORIG ID:4462800242 DESC DATE:241220 CO ENTRY DESCR:PAYROLL   SEC:CCD    TRACE#:111000020849808 EED:241220   IND ID:9683333                      IND NAME:BOODAH INC TRN: 3550849808TC",-39.75,ACH_DEBIT,46578.72,,
DEBIT,12/20/2024,"ORIG CO NAME:PAYROLL                ORIG ID:4462800242 DESC DATE:241220 CO ENTRY DESCR:PAYROLL   SEC:CCD    TRACE#:111000020849802 EED:241220   IND ID:9683333                      IND NAME:BOODAH INC TRN: 3550849802TC",-40.00,ACH_DEBIT,46618.47,,
DEBIT,12/20/2024,"ORIG CO NAME:PAYROLL                ORIG ID:4462800242 DESC DATE:241220 CO ENTRY DESCR:PAYROLL   SEC:CCD    TRACE#:111000020849800 EED:241220   IND ID:9683333                      IND NAME:BOODAH INC TRN: 3550849800TC",-60.00,ACH_DEBIT,46658.47,,
DEBIT,12/20/2024,"ORIG CO NAME:PAYROLL                ORIG ID:4462800242 DESC DATE:241220 CO ENTRY DESCR:PAYROLL   SEC:CCD    TRACE#:111000020849806 EED:241220   IND ID:9683333                      IND NAME:BOODAH INC TRN: 3550849806TC",-132.30,ACH_DEBIT,46718.47,,
DEBIT,12/20/2024,"ORIG CO NAME:INTUIT 47469384        ORIG ID:4462800242 DESC DATE:241220 CO ENTRY DESCR:PAYROLL   SEC:CCD    TRACE#:111000020841318 EED:241220   IND ID:9683333                      IND NAME:BOODAH INC- BOSTON PSY TRN: 3550841318TC",-166.48,ACH_DEBIT,46850.77,,
DEBIT,12/20/2024,"ORIG CO NAME:PAYROLL                ORIG ID:4462800242 DESC DATE:241220 CO ENTRY DESCR:PAYROLL   SEC:CCD    TRACE#:111000020849805 EED:241220   IND ID:9683333                      IND NAME:BOODAH INC TRN: 3550849805TC",-526.80,ACH_DEBIT,47017.25,,
DEBIT,12/20/2024,"ORIG CO NAME:PAYROLL                ORIG ID:4462800242 DESC DATE:241220 CO ENTRY DESCR:PAYROLL   SEC:CCD    TRACE#:111000020849804 EED:241220   IND ID:9683333                      IND NAME:BOODAH INC TRN: 3550849804TC",-828.00,ACH_DEBIT,47544.05,,
DEBIT,12/20/2024,"ORIG CO NAME:PAYROLL                ORIG ID:4462800242 DESC DATE:241220 CO ENTRY DESCR:PAYROLL   SEC:CCD    TRACE#:111000020849807 EED:241220   IND ID:9683333                      IND NAME:BOODAH INC TRN: 3550849807TC",-900.80,ACH_DEBIT,48372.05,,
DEBIT,12/20/2024,"ORIG CO NAME:INTUIT 47335474        ORIG ID:4462800242 DESC DATE:241220 CO ENTRY DESCR:PAYROLL   SEC:CCD    TRACE#:111000020835325 EED:241220   IND ID:9683333                      IND NAME:BOODAH INC- BOSTON PSY TRN: 3550835325TC",-1139.13,ACH_DEBIT,49272.85,,
DEBIT,12/20/2024,"ORIG CO NAME:PAYROLL                ORIG ID:4462800242 DESC DATE:241220 CO ENTRY DESCR:PAYROLL   SEC:CCD    TRACE#:111000020849803 EED:241220   IND ID:9683333                      IND NAME:BOODAH INC TRN: 3550849803TC",-1143.51,ACH_DEBIT,50411.98,,
DEBIT,12/20/2024,"ORIG CO NAME:PAYROLL                ORIG ID:4462800242 DESC DATE:241220 CO ENTRY DESCR:PAYROLL   SEC:CCD    TRACE#:111000020849801 EED:241220   IND ID:9683333                      IND NAME:BOODAH INC TRN: 3550849801TC",-1387.50,ACH_DEBIT,51555.49,,
DEBIT,12/20/2024,"ORIG CO NAME:INTUIT 47335474        ORIG ID:4462800242 DESC DATE:241220 CO ENTRY DESCR:PAYROLL   SEC:CCD    TRACE#:111000020835326 EED:241220   IND ID:9683333                      IND NAME:BOODAH INC- BOSTON PSY TRN: 3550835326TC",-1970.47,ACH_DEBIT,52942.99,,
DEBIT,12/20/2024,"ORIG CO NAME:INTUIT 47388636        ORIG ID:4462800242 DESC DATE:241220 CO ENTRY DESCR:PAYROLL   SEC:CCD    TRACE#:111000020819810 EED:241220   IND ID:9683333                      IND NAME:BOODAH INC- BOSTON PSY TRN: 3550819810TC",-309.55,ACH_DEBIT,54913.46,,
DEBIT,12/20/2024,"ORIG CO NAME:INTUIT 47388636        ORIG ID:4462800242 DESC DATE:241220 CO ENTRY DESCR:PAYROLL   SEC:CCD    TRACE#:111000020819807 EED:241220   IND ID:9683333                      IND NAME:BOODAH INC- BOSTON PSY TRN: 3550819807TC",-400.75,ACH_DEBIT,55223.01,,
DEBIT,12/20/2024,"ORIG CO NAME:STRIPE                 ORIG ID:1800948598 DESC DATE:       CO ENTRY DESCR:TRANSFER  SEC:CCD    TRACE#:091000010592699 EED:241220   IND ID:ST-T5M0K7X6M6J9              IND NAME:BOODAH INC TRN: 3550592699TC",-650.00,ACH_DEBIT,55623.76,,
DEBIT,12/20/2024,"ORIG CO NAME:INTUIT 47388636        ORIG ID:4462800242 DESC DATE:241220 CO ENTRY DESCR:PAYROLL   SEC:CCD    TRACE#:111000020819806 EED:241220   IND ID:9683333                      IND NAME:BOODAH INC- BOSTON PSY TRN: 3550819806TC",-747.28,ACH_DEBIT,56273.76,,
DEBIT,12/20/2024,"ORIG CO NAME:INTUIT 47388636        ORIG ID:4462800242 DESC DATE:241220 CO ENTRY DESCR:PAYROLL   SEC:CCD    TRACE#:111000020819809 EED:241220   IND ID:9683333                      IND NAME:BOODAH INC- BOSTON PSY TRN: 3550819809TC",-880.85,ACH_DEBIT,57021.04,,
DEBIT,12/20/2024,"ORIG CO NAME:INTUIT 47388636        ORIG ID:4462800242 DESC DATE:241220 CO ENTRY DESCR:PAYROLL   SEC:CCD    TRACE#:111000020819805 EED:241220   IND ID:9683333                      IND NAME:BOODAH INC- BOSTON PSY TRN: 3550819805TC",-938.34,ACH_DEBIT,57901.89,,
DEBIT,12/20/2024,"ORIG CO NAME:INTUIT 46289662        ORIG ID:4462800242 DESC DATE:241220 CO ENTRY DESCR:PAYROLL   SEC:CCD    TRACE#:111000020834257 EED:241220   IND ID:9683333                      IND NAME:BOODAH INC- BOSTON PSY TRN: 3550834257TC",-1196.77,ACH_DEBIT,58840.23,,
DEBIT,12/20/2024,"ORIG CO NAME:INTUIT 47388636        ORIG ID:4462800242 DESC DATE:241220 CO ENTRY DESCR:PAYROLL   SEC:CCD    TRACE#:111000020819808 EED:241220   IND ID:9683333                      IND NAME:BOODAH INC- BOSTON PSY TRN: 3550819808TC",-1629.22,ACH_DEBIT,60037.00,,
DEBIT,12/20/2024,"ORIG CO NAME:INTUIT 47388636        ORIG ID:4462800242 DESC DATE:241220 CO ENTRY DESCR:PAYROLL   SEC:CCD    TRACE#:111000020819803 EED:241220   IND ID:9683333                      IND NAME:BOODAH INC- BOSTON PSY TRN: 3550819803TC",-1720.30,ACH_DEBIT,61666.22,,
DEBIT,12/20/2024,"ORIG CO NAME:INTUIT 47388636        ORIG ID:4462800242 DESC DATE:241220 CO ENTRY DESCR:PAYROLL   SEC:CCD    TRACE#:111000020819802 EED:241220   IND ID:9683333                      IND NAME:BOODAH INC- BOSTON PSY TRN: 3550819802TC",-1788.89,ACH_DEBIT,63386.52,,
DEBIT,12/20/2024,"ORIG CO NAME:INTUIT 47388636        ORIG ID:4462800242 DESC DATE:241220 CO ENTRY DESCR:PAYROLL   SEC:CCD    TRACE#:111000020819804 EED:241220   IND ID:9683333                      IND NAME:BOODAH INC- BOSTON PSY TRN: 3550819804TC",-5951.30,ACH_DEBIT,65175.41,,
CREDIT,12/20/2024,"ORIG CO NAME:HPHC EFT CLEARI        ORIG ID:8042452600 DESC DATE:241218 CO ENTRY DESCR:HCCLAIMPMTSEC:CCD    TRACE#:051000011880869 EED:241220   IND ID:                             IND NAME:BOODAH INC                 TRN*1*502371546*1042452600*HPHC\ TRN: 3551880869TC",95.93,ACH_CREDIT,71126.71,,
CREDIT,12/20/2024,"ORIG CO NAME:UNITEDHEALTHCARE       ORIG ID:1411289245 DESC DATE:       CO ENTRY DESCR:HCCLAIMPMTSEC:CCD    TRACE#:124384871764426 EED:241220   IND ID:825169916                    IND NAME:Boodah Inc                 TRN*1*W307674674*1411289245*0000877 26\ TRN: 3551764426TC",117.70,ACH_CREDIT,71030.78,,
CREDIT,12/20/2024,"ORIG CO NAME:HUMANA GOVT BUSI       ORIG ID:3611241225 DESC DATE:121824 CO ENTRY DESCR:HCCLAIMPMTSEC:CCD    TRACE#:111000021685848 EED:241220   IND ID:5000798510                   IND NAME:BOODAH INC                 TRN*1*5000798510*1611241225*WPSEAST   \ TRN: 3551685848TC",176.09,ACH_CREDIT,70913.08,,
CREDIT,12/20/2024,"ORIG CO NAME:WELLPOINT 05C          ORIG ID:0365BA293A DESC DATE:       CO ENTRY DESCR:HCCLAIMPMTSEC:CCD    TRACE#:111000022123663 EED:241220   IND ID:3259306730                   IND NAME:BOODAH  INC                TRN*1*3259306730*1520913817\                                                      EDI PAYMENT TRN: 3552123663TC",350.75,ACH_CREDIT,70736.99,,
CREDIT,12/20/2024,"ORIG CO NAME:HPHC INSURANCE         ORIG ID:2043149694 DESC DATE:241218 CO ENTRY DESCR:HCCLAIMPMTSEC:CCD    TRACE#:051000011994956 EED:241220   IND ID:                             IND NAME:BOODAH INC                 TRN*1*3007459469*1043149694*HPHC\ TRN: 3551994956TC",1249.89,ACH_CREDIT,70386.24,,
CREDIT,12/20/2024,"ORIG CO NAME:CIGNA EDGE TRANS       ORIG ID:7026944582 DESC DATE:       CO ENTRY DESCR:HCCLAIMPMTSEC:CCD    TRACE#:242071750271017 EED:241220   IND ID:600701065360                 IND NAME:BOODAH INC                 TRN*1*600701065360*1591031071~                                                    HCCLAIMPMT TRN: 3550271017TC",1257.00,ACH_CREDIT,69136.35,,
CREDIT,12/20/2024,"ORIG CO NAME:EASYPAY                ORIG ID:1340797057 DESC DATE:241219 CO ENTRY DESCR:INSTFUNDINSEC:CCD    TRACE#:041001030977009 EED:241220   IND ID:896246463880                 IND NAME:BOODAH INC TRN: 3550977009TC",1545.00,ACH_CREDIT,67879.35,,
CREDIT,12/20/2024,"ORIG CO NAME:TUFTS ASSOCIATED       ORIG ID:4800721489 DESC DATE:241217 CO ENTRY DESCR:HCCLAIMPMTSEC:CCD    TRACE#:111000022139626 EED:241220   IND ID:                             IND NAME:BOODAH INC                 TRN*1*71155304*1042674079\ TRN: 3552139626TC",4651.69,ACH_CREDIT,66334.35,,
DEBIT,12/19/2024,"Online Transfer to CHK ...9759 transaction#: 23106116800 12/19",-12000.00,ACCT_XFER,61682.66,,
DEBIT,12/19/2024,"ORIG CO NAME:KEY MERCHANT SVS       ORIG ID:2580215200 DESC DATE:241218 CO ENTRY DESCR:DISCOUNT  SEC:CCD    TRACE#:041001034989141 EED:241219   IND ID:896246463880                 IND NAME:BOSTON PSYCHOLOGICAL T                                                                                       1-800-304-9856 TRN: 3544989141TC",-45.71,ACH_DEBIT,73682.66,,
DEBIT,12/19/2024,"ORIG CO NAME:PAY PLUS               ORIG ID:5452579291 DESC DATE:241218 CO ENTRY DESCR:ACHTrans  SEC:CCD    TRACE#:101000690590927 EED:241219   IND ID:48344520                     IND NAME:Default debit account      FeeTransfer REF#48395392                                                          PPSACCOUNT TRN: 3540590927TC",-8.10,ACH_DEBIT,73728.37,,
CREDIT,12/19/2024,"ORIG CO NAME:UNITED BEHAVIORA       ORIG ID:1805600001 DESC DATE:       CO ENTRY DESCR:HCCLAIMPMTSEC:CCD    TRACE#:124384872715516 EED:241219   IND ID:825169916                    IND NAME:Boodah Inc                 TRN*1*24349B1000013512*1411289245*0 00087726\ TRN: 3542715516TC",105.01,ACH_CREDIT,73736.47,,
CREDIT,12/19/2024,"ORIG CO NAME:EASYPAY                ORIG ID:1340797057 DESC DATE:241218 CO ENTRY DESCR:INSTFUNDINSEC:CCD    TRACE#:041001030798000 EED:241219   IND ID:896246463880                 IND NAME:BOODAH INC TRN: 3540798000TC",108.05,ACH_CREDIT,73631.46,,
CREDIT,12/19/2024,"ORIG CO NAME:NGS, INC.              ORIG ID:I351840597 DESC DATE:241216 CO ENTRY DESCR:HCCLAIMPMTSEC:CCD    TRACE#:042000012665879 EED:241219   IND ID:1104390525                   IND NAME:BOODAH, INC                TRN*1*896165840*1351840597~                                                       MEDICARE B OF NE TRN: 3542665879TC",276.10,ACH_CREDIT,73523.41,,
CREDIT,12/19/2024,"ORIG CO NAME:STRIPE                 ORIG ID:1800948598 DESC DATE:       CO ENTRY DESCR:TRANSFER  SEC:CCD    TRACE#:091000010870013 EED:241219   IND ID:ST-D2P5V4Z7S7Z6              IND NAME:BOODAH INC TRN: 3540870013TC",331.96,ACH_CREDIT,73247.31,,
CREDIT,12/19/2024,"ORIG CO NAME:UNITEDHEALTHCARE       ORIG ID:1411289245 DESC DATE:       CO ENTRY DESCR:HCCLAIMPMTSEC:CCD    TRACE#:124384872719004 EED:241219   IND ID:825169916                    IND NAME:Boodah Inc                 TRN*1*W307536978*1411289245*0000877 26\ TRN: 3542719004TC",403.92,ACH_CREDIT,72915.35,,
CREDIT,12/19/2024,"ORIG CO NAME:Carelon Behav Z        ORIG ID:2043324848 DESC DATE:241218 CO ENTRY DESCR:HCCLAIMPMTSEC:CCD    TRACE#:011500120300485 EED:241219   IND ID:                             IND NAME:BOODAH INC                 TRN*1*8045167*1043324848\ TRN: 3540300485TC",647.61,ACH_CREDIT,72511.43,,
CREDIT,12/19/2024,"ORIG CO NAME:AETNA AS01             ORIG ID:1066033492 DESC DATE:       CO ENTRY DESCR:HCCLAIMPMTSEC:CCD    TRACE#:051000012598728 EED:241219   IND ID:1104390525                   IND NAME:BOODAH INC                 TRN*1*824351000225901*1066033492\ TRN: 3542598728TC",1910.03,ACH_CREDIT,71863.82,,
DEBIT,12/18/2024,"ORIG CO NAME:KEY MERCHANT SVS       ORIG ID:2580215200 DESC DATE:241217 CO ENTRY DESCR:DISCOUNT  SEC:CCD    TRACE#:041001034677476 EED:241218   IND ID:896246463880                 IND NAME:BOSTON PSYCHOLOGICAL T                                                                                       1-800-304-9856 TRN: 3534677476TC",-4.03,ACH_DEBIT,69953.79,,
DEBIT,12/18/2024,"DEPOSITED ITEM RETURNED       Refer to Maker 099012907                                       # OF ITEMS00001CK#:0010988757                                        DEP AMT0000014953     DEP DATE121624CK AMT0000014953",-149.53,DEPOSIT_RETURN,69957.82,,
CREDIT,12/18/2024,"ORIG CO NAME:EASYPAY                ORIG ID:1340797057 DESC DATE:241217 CO ENTRY DESCR:INSTFUNDINSEC:CCD    TRACE#:041001034792098 EED:241218   IND ID:896246463880                 IND NAME:BOODAH INC TRN: 3534792098TC",20.00,ACH_CREDIT,70107.35,,
CREDIT,12/18/2024,"ORIG CO NAME:PAY PLUS               ORIG ID:6452579291 DESC DATE:241218 CO ENTRY DESCR:HCCLAIMPMTSEC:CCD    TRACE#:101000694268968 EED:241218   IND ID:825169916                    IND NAME:COLLEEN LONG GALLACCHI     TRN*1*588748664*1363086057\                                                       PPSACCOUNT TRN: 3534268968TC",93.00,ACH_CREDIT,70087.35,,
CREDIT,12/18/2024,"ORIG CO NAME:PAY PLUS               ORIG ID:6452579291 DESC DATE:241218 CO ENTRY DESCR:HCCLAIMPMTSEC:CCD    TRACE#:101000694268972 EED:241218   IND ID:825169916                    IND NAME:COLLEEN LONG GALLACCHI     TRN*1*592466496*1042734278\                                                       PPSACCOUNT TRN: 3534268972TC",129.98,ACH_CREDIT,69994.35,,
CREDIT,12/18/2024,"ORIG CO NAME:NGS, INC.              ORIG ID:I351840597 DESC DATE:241213 CO ENTRY DESCR:HCCLAIMPMTSEC:CCD    TRACE#:042000010019969 EED:241218   IND ID:1104390525                   IND NAME:BOODAH, INC                TRN*1*896160724*1351840597~                                                       MEDICARE B OF NE TRN: 3530019969TC",138.05,ACH_CREDIT,69864.37,,
CREDIT,12/18/2024,"ORIG CO NAME:BCBS OF MASS           ORIG ID:1041045815 DESC DATE:121324 CO ENTRY DESCR:HCCLAIMPMTSEC:CCD    TRACE#:091000010039830 EED:241218   IND ID:741168044                    IND NAME:70020000LMG471             TRN*1*741168044*1041045815\ TRN: 3530039830TC",168.06,ACH_CREDIT,69726.32,,
CREDIT,12/18/2024,"ORIG CO NAME:PAY PLUS               ORIG ID:6452579291 DESC DATE:241218 CO ENTRY DESCR:HCCLAIMPMTSEC:CCD    TRACE#:101000694268970 EED:241218   IND ID:825169916                    IND NAME:COLLEEN LONG GALLACCHI     TRN*1*592467653*1042734278\                                                       PPSACCOUNT TRN: 3534268970TC",203.31,ACH_CREDIT,69558.26,,
CREDIT,12/18/2024,"ORIG CO NAME:HUMANA GOVT BUSI       ORIG ID:2610647538 DESC DATE:121624 CO ENTRY DESCR:HCCLAIMPMTSEC:CCD    TRACE#:111000029919104 EED:241218   IND ID:2238338958                   IND NAME:BOODAH INC                 TRN*1*2238338958*1611241225*WPSEAST   \ TRN: 3539919104TC",622.75,ACH_CREDIT,69354.95,,
CREDIT,12/18/2024,"ORIG CO NAME:UNITED BEHAVIORA       ORIG ID:1805600001 DESC DATE:       CO ENTRY DESCR:HCCLAIMPMTSEC:CCD    TRACE#:124384878305100 EED:241218   IND ID:825169916                    IND NAME:Boodah Inc                 TRN*1*24348B1000011784*1411289245*0 00087726\ TRN: 3538305100TC",1185.28,ACH_CREDIT,68732.20,,
CREDIT,12/18/2024,"ORIG CO NAME:STRIPE                 ORIG ID:1800948598 DESC DATE:       CO ENTRY DESCR:TRANSFER  SEC:CCD    TRACE#:091000014559119 EED:241218   IND ID:ST-V2K7N4C8Z9B6              IND NAME:BOODAH INC TRN: 3534559119TC",3628.71,ACH_CREDIT,67546.92,,
CREDIT,12/18/2024,"ORIG CO NAME:BCBS OF MASS           ORIG ID:1041045815 DESC DATE:121324 CO ENTRY DESCR:HCCLAIMPMTSEC:CCD    TRACE#:091000010039836 EED:241218   IND ID:741184818                    IND NAME:70020000LMG471             TRN*1*741184818*1041045815\ TRN: 3530039836TC",5595.19,ACH_CREDIT,63918.21,,
DEBIT,12/17/2024,"ORIG CO NAME:CAPITAL ONE            ORIG ID:9279744380 DESC DATE:241217 CO ENTRY DESCR:MOBILE PMTSEC:CCD    TRACE#:021000026077405 EED:241217   IND ID:3YRBS86VS3BJF9C              IND NAME:COLLEEN GALLICCHIO TRN: 3526077405TC",-5000.00,ACH_DEBIT,58323.02,,
DEBIT,12/17/2024,"Zelle payment to Paige Twombly 23081094568",-975.00,QUICKPAY_DEBIT,63323.02,,
DEBIT,12/17/2024,"ORIG CO NAME:KEY MERCHANT SVS       ORIG ID:2580215200 DESC DATE:241216 CO ENTRY DESCR:DISCOUNT  SEC:CCD    TRACE#:041001032358495 EED:241217   IND ID:896246463880                 IND NAME:BOSTON PSYCHOLOGICAL T                                                                                       1-800-304-9856 TRN: 3522358495TC",-0.88,ACH_DEBIT,64298.02,,
DEBIT,12/17/2024,"ORIG CO NAME:PAY PLUS               ORIG ID:5452579291 DESC DATE:241216 CO ENTRY DESCR:ACHTrans  SEC:CCD    TRACE#:101000694399477 EED:241217   IND ID:47922398                     IND NAME:Default debit account      FeeTransfer REF#47922398                                                          PPSACCOUNT TRN: 3524399477TC",-2.15,ACH_DEBIT,64298.90,,
CREDIT,12/17/2024,"ORIG CO NAME:UHC Benefits Pla       ORIG ID:1473221444 DESC DATE:       CO ENTRY DESCR:HCCLAIMPMTSEC:CCD    TRACE#:124384879637091 EED:241217   IND ID:825169916                    IND NAME:Boodah Inc                 TRN*1*SW15829129*1473221444*0000877 26\ TRN: 3529637091TC",122.70,ACH_CREDIT,64301.05,,
CREDIT,12/17/2024,"ORIG CO NAME:Carelon Behav Z        ORIG ID:2043324848 DESC DATE:241213 CO ENTRY DESCR:HCCLAIMPMTSEC:CCD    TRACE#:011500124392213 EED:241217   IND ID:                             IND NAME:BOODAH INC                 TRN*1*8037838*1043324848\ TRN: 3524392213TC",130.48,ACH_CREDIT,64178.35,,
CREDIT,12/17/2024,"ORIG CO NAME:UNITED BEHAVIORA       ORIG ID:1805600001 DESC DATE:       CO ENTRY DESCR:HCCLAIMPMTSEC:CCD    TRACE#:124384879637871 EED:241217   IND ID:825169916                    IND NAME:Boodah Inc                 TRN*1*24347B1000012871*1411289245*0 00087726\ TRN: 3529637871TC",143.53,ACH_CREDIT,64047.87,,
CREDIT,12/17/2024,"ORIG CO NAME:HUMANA GOVT BUSI       ORIG ID:3611241225 DESC DATE:121324 CO ENTRY DESCR:HCCLAIMPMTSEC:CCD    TRACE#:111000029416266 EED:241217   IND ID:5000745269                   IND NAME:BOODAH INC                 TRN*1*5000745269*1611241225*WPSEAST   \ TRN: 3529416266TC",176.09,ACH_CREDIT,63904.34,,
CREDIT,12/17/2024,"ORIG CO NAME:STRIPE                 ORIG ID:1800948598 DESC DATE:       CO ENTRY DESCR:TRANSFER  SEC:CCD    TRACE#:091000013033957 EED:241217   IND ID:ST-M1S8J5K5T5J9              IND NAME:BOODAH INC TRN: 3523033957TC",194.82,ACH_CREDIT,63728.25,,
CREDIT,12/17/2024,"ORIG CO NAME:Carelon Behav Z        ORIG ID:3043324848 DESC DATE:241213 CO ENTRY DESCR:HCCLAIMPMTSEC:CCD    TRACE#:011500129406627 EED:241217   IND ID:                             IND NAME:BOODAH INC                 TRN*1*8040577*1043324848\ TRN: 3529406627TC",378.91,ACH_CREDIT,63533.43,,
DEBIT,12/16/2024,"ORIG CO NAME:KEY MERCHANT SVS       ORIG ID:2580215200 DESC DATE:241213 CO ENTRY DESCR:DISCOUNT  SEC:CCD    TRACE#:041001031526866 EED:241216   IND ID:896246463880                 IND NAME:BOSTON PSYCHOLOGICAL T                                                                                       1-800-304-9856 TRN: 3511526866TC",-9.00,ACH_DEBIT,63154.52,,
CHECK,12/16/2024,"CHECK 229  ",-200.00,CHECK_PAID,63163.52,229,
DEBIT,12/16/2024,"ORIG CO NAME:PAY PLUS               ORIG ID:5452579291 DESC DATE:241213 CO ENTRY DESCR:ACHTrans  SEC:CCD    TRACE#:101000692515487 EED:241216   IND ID:47726928                     IND NAME:Default debit account      FeeTransfer REF#47726928                                                          PPSACCOUNT TRN: 3512515487TC",-1.69,ACH_DEBIT,63363.52,,
DEBIT,12/16/2024,"ORIG CO NAME:PAYPAL                 ORIG ID:PAYPALSI77 DESC DATE:241213 CO ENTRY DESCR:INST XFER SEC:WEB    TRACE#:091000012332935 EED:241216   IND ID:MCDONALDS 27923              IND NAME:BOODAH  INC                                                                                                  INSTANT TRANSFER TRN: 3512332935TC",-45.88,MISC_DEBIT,63365.21,,
DEBIT,12/16/2024,"ORIG CO NAME:HOOVER AND COMPA       ORIG ID:271714485  DESC DATE:       CO ENTRY DESCR:ACH CollecSEC:CCD    TRACE#:082907274610907 EED:241216   IND ID:509968                       IND NAME:Boodah Psych TRN: 3514610907TC",-750.00,ACH_DEBIT,63411.09,,
CREDIT,12/16/2024,"ORIG CO NAME:HUMANA GOVT BUSI       ORIG ID:3611241225 DESC DATE:121224 CO ENTRY DESCR:HCCLAIMPMTSEC:CCD    TRACE#:111000024587949 EED:241216   IND ID:5000731009                   IND NAME:BOODAH INC                 TRN*1*5000731009*1611241225*WPSEAST   \ TRN: 3514587949TC",59.35,ACH_CREDIT,64161.09,,
CREDIT,12/16/2024,"ORIG CO NAME:HUMANA GOVT BUSI       ORIG ID:2610647538 DESC DATE:121224 CO ENTRY DESCR:HCCLAIMPMTSEC:CCD    TRACE#:111000024588419 EED:241216   IND ID:2238226755                   IND NAME:BOODAH INC                 TRN*1*2238226755*1611241225*WPSEAST   \ TRN: 3514588419TC",88.04,ACH_CREDIT,64101.74,,
CREDIT,12/16/2024,"ORIG CO NAME:CIGNA EDGE TRANS       ORIG ID:7026944582 DESC DATE:       CO ENTRY DESCR:HCCLAIMPMTSEC:CCD    TRACE#:242071751899264 EED:241216   IND ID:601300737456                 IND NAME:BOODAH INC                 TRN*1*601300737456*1591031071~                                                    HCCLAIMPMT TRN: 3511899264TC",98.26,ACH_CREDIT,64013.70,,
CREDIT,12/16/2024,"ORIG CO NAME:EASYPAY                ORIG ID:1340797057 DESC DATE:241213 CO ENTRY DESCR:INSTFUNDINSEC:CCD    TRACE#:041001032808651 EED:241216   IND ID:896246463880                 IND NAME:BOODAH INC TRN: 3512808651TC",100.00,ACH_CREDIT,63915.44,,
CREDIT,12/16/2024,"ORIG CO NAME:PAY PLUS               ORIG ID:6452579291 DESC DATE:241216 CO ENTRY DESCR:HCCLAIMPMTSEC:CCD    TRACE#:101000692514297 EED:241216   IND ID:825169916                    IND NAME:COLLEEN LONG GALLACCHI     TRN*1*590415315*1042214296\                                                       PPSACCOUNT TRN: 3512514297TC",113.00,ACH_CREDIT,63815.44,,
CREDIT,12/16/2024,"ORIG CO NAME:UNITED BEHAVIORA       ORIG ID:1805600001 DESC DATE:       CO ENTRY DESCR:HCCLAIMPMTSEC:CCD    TRACE#:124384875027984 EED:241216   IND ID:825169916                    IND NAME:Boodah Inc                 TRN*1*24346B1000013000*1411289245*0 00087726\ TRN: 3515027984TC",191.96,ACH_CREDIT,63702.44,,
CREDIT,12/16/2024,"ORIG CO NAME:EASYPAY                ORIG ID:1340797057 DESC DATE:241214 CO ENTRY DESCR:INSTFUNDINSEC:CCD    TRACE#:041001031526835 EED:241216   IND ID:896246463880                 IND NAME:BOODAH INC TRN: 3511526835TC",300.00,ACH_CREDIT,63510.48,,
DSLIP,12/16/2024,"REMOTE ONLINE DEPOSIT #          1",149.53,CHECK_DEPOSIT,63210.48,1,
DSLIP,12/16/2024,"REMOTE ONLINE DEPOSIT #          1",599.71,CHECK_DEPOSIT,63060.95,1,
DSLIP,12/16/2024,"REMOTE ONLINE DEPOSIT #          1",847.93,CHECK_DEPOSIT,62461.24,1,
DSLIP,12/16/2024,"REMOTE ONLINE DEPOSIT #          1",904.81,CHECK_DEPOSIT,61613.31,1,
DSLIP,12/16/2024,"REMOTE ONLINE DEPOSIT #          1",1161.38,CHECK_DEPOSIT,60708.50,1,
DSLIP,12/16/2024,"REMOTE ONLINE DEPOSIT #          1",2126.41,CHECK_DEPOSIT,59547.12,1,
DSLIP,12/16/2024,"REMOTE ONLINE DEPOSIT #          1",5086.81,CHECK_DEPOSIT,57420.71,1,
DSLIP,12/16/2024,"REMOTE ONLINE DEPOSIT #          1",6531.37,CHECK_DEPOSIT,52333.90,1,
DEBIT,12/13/2024,"ORIG CO NAME:KEY MERCHANT SVS       ORIG ID:2580215200 DESC DATE:241212 CO ENTRY DESCR:DISCOUNT  SEC:CCD    TRACE#:041001037808302 EED:241213   IND ID:896246463880                 IND NAME:BOSTON PSYCHOLOGICAL T                                                                                       1-800-304-9856 TRN: 3487808302TC",-4.40,ACH_DEBIT,45802.53,,
CREDIT,12/13/2024,"ORIG CO NAME:HPHC INSURANCE         ORIG ID:2043149694 DESC DATE:241211 CO ENTRY DESCR:HCCLAIMPMTSEC:CCD    TRACE#:051000016830866 EED:241213   IND ID:                             IND NAME:BOODAH INC                 TRN*1*3007452321*1043149694*HPHC\ TRN: 3486830866TC",26.41,ACH_CREDIT,45806.93,,
CREDIT,12/13/2024,"ORIG CO NAME:NGS, INC.              ORIG ID:I351840597 DESC DATE:241210 CO ENTRY DESCR:HCCLAIMPMTSEC:CCD    TRACE#:042000016900378 EED:241213   IND ID:1104390525                   IND NAME:BOODAH, INC                TRN*1*896154786*1351840597~                                                       MEDICARE B OF NE TRN: 3486900378TC",62.03,ACH_CREDIT,45780.52,,
CREDIT,12/13/2024,"ORIG CO NAME:PAY PLUS               ORIG ID:6452579291 DESC DATE:241213 CO ENTRY DESCR:HCCLAIMPMTSEC:CCD    TRACE#:101000695375487 EED:241213   IND ID:825169916                    IND NAME:COLLEEN LONG GALLACCHI     TRN*1*590049230*1042734278\                                                       PPSACCOUNT TRN: 3485375487TC",88.93,ACH_CREDIT,45718.49,,
CREDIT,12/13/2024,"ORIG CO NAME:UNITED BEHAVIORA       ORIG ID:1805600001 DESC DATE:       CO ENTRY DESCR:HCCLAIMPMTSEC:CCD    TRACE#:124384875958070 EED:241213   IND ID:825169916                    IND NAME:Boodah Inc                 TRN*1*24345B1000015132*1411289245*0 00087726\ TRN: 3485958070TC",122.09,ACH_CREDIT,45629.56,,
CREDIT,12/13/2024,"ORIG CO NAME:UNITED BEHAVIORA       ORIG ID:1805600001 DESC DATE:       CO ENTRY DESCR:HCCLAIMPMTSEC:CCD    TRACE#:124384875958064 EED:241213   IND ID:825169916                    IND NAME:Boodah Inc                 TRN*1*24345B1000017666*1411289245*0 00087726\ TRN: 3485958064TC",143.53,ACH_CREDIT,45507.47,,
CREDIT,12/13/2024,"ORIG CO NAME:AETNA AS01             ORIG ID:1066033492 DESC DATE:       CO ENTRY DESCR:HCCLAIMPMTSEC:CCD    TRACE#:051000017592860 EED:241213   IND ID:1104390525                   IND NAME:BOODAH INC                 TRN*1*824345000183119*1066033492\ TRN: 3487592860TC",167.17,ACH_CREDIT,45363.94,,
CREDIT,12/13/2024,"ORIG CO NAME:WELLPOINT 05C          ORIG ID:0365BA293A DESC DATE:       CO ENTRY DESCR:HCCLAIMPMTSEC:CCD    TRACE#:111000027773468 EED:241213   IND ID:3258698235                   IND NAME:BOODAH  INC                TRN*1*3258698235*1520913817\                                                      EDI PAYMENT TRN: 3487773468TC",254.90,ACH_CREDIT,45196.77,,
CREDIT,12/13/2024,"ORIG CO NAME:INTUIT                 ORIG ID:4462800242 DESC DATE:241213 CO ENTRY DESCR:PAYROLL   SEC:CCD    TRACE#:111000025024315 EED:241213   IND ID:                             IND NAME:BOODAH INC- BOSTON PSY TRN: 3485024315TC",486.05,ACH_CREDIT,44941.87,,
CREDIT,12/13/2024,"ORIG CO NAME:INTUIT                 ORIG ID:4462800242 DESC DATE:241213 CO ENTRY DESCR:PAYROLL   SEC:CCD    TRACE#:111000025024295 EED:241213   IND ID:                             IND NAME:BOODAH INC- BOSTON PSY TRN: 3485024295TC",486.05,ACH_CREDIT,44455.82,,
CREDIT,12/13/2024,"ORIG CO NAME:INTUIT                 ORIG ID:4462800242 DESC DATE:241213 CO ENTRY DESCR:PAYROLL   SEC:CCD    TRACE#:111000025024263 EED:241213   IND ID:                             IND NAME:BOODAH INC- BOSTON PSY TRN: 3485024263TC",486.05,ACH_CREDIT,43969.77,,
CREDIT,12/13/2024,"ORIG CO NAME:STRIPE                 ORIG ID:1800948598 DESC DATE:       CO ENTRY DESCR:TRANSFER  SEC:CCD    TRACE#:091000015107697 EED:241213   IND ID:ST-B1P0X4A1C7F9              IND NAME:BOODAH INC TRN: 3485107697TC",630.85,ACH_CREDIT,43483.72,,
CREDIT,12/13/2024,"ORIG CO NAME:TUFTS ASSOCIATED       ORIG ID:4800721489 DESC DATE:241210 CO ENTRY DESCR:HCCLAIMPMTSEC:CCD    TRACE#:111000027810571 EED:241213   IND ID:                             IND NAME:BOODAH INC                 TRN*1*71151326*1042674079\ TRN: 3487810571TC",1178.18,ACH_CREDIT,42852.87,,
CREDIT,12/13/2024,"ORIG CO NAME:HPHC EFT CLEARI        ORIG ID:8042452600 DESC DATE:241211 CO ENTRY DESCR:HCCLAIMPMTSEC:CCD    TRACE#:051000016830851 EED:241213   IND ID:                             IND NAME:BOODAH INC                 TRN*1*502363114*1042452600*HPHC\ TRN: 3486830851TC",3243.49,ACH_CREDIT,41674.69,,
DEBIT,12/12/2024,"Zelle payment to heena kim 23028827021",-2380.23,QUICKPAY_DEBIT,38431.20,,
DEBIT,12/12/2024,"ORIG CO NAME:PAYROLL                ORIG ID:1943345425 DESC DATE:241212 CO ENTRY DESCR:TAX       SEC:CCD    TRACE#:111000024091295 EED:241212   IND ID:9683333                      IND NAME:BOODAH INC- BOSTON PSY TRN: 3474091295TC",-220.46,ACH_DEBIT,40811.43,,
DEBIT,12/12/2024,"ORIG CO NAME:PAY PLUS               ORIG ID:5452579291 DESC DATE:241211 CO ENTRY DESCR:ACHTrans  SEC:CCD    TRACE#:101000694402544 EED:241212   IND ID:47307668                     IND NAME:Default debit account      FeeTransfer REF#47307668                                                          PPSACCOUNT TRN: 3474402544TC",-0.21,ACH_DEBIT,41031.89,,
DEBIT,12/12/2024,"ORIG CO NAME:PAYROLL                ORIG ID:4462800242 DESC DATE:241212 CO ENTRY DESCR:PAYROLL   SEC:CCD    TRACE#:111000024151332 EED:241212   IND ID:9683333                      IND NAME:BOODAH INC TRN: 3474151332TC",-835.18,ACH_DEBIT,41032.10,,
CREDIT,12/12/2024,"ORIG CO NAME:HUMANA GOVT BUSI       ORIG ID:2610647538 DESC DATE:121024 CO ENTRY DESCR:HCCLAIMPMTSEC:CCD    TRACE#:111000024775728 EED:241212   IND ID:2238171532                   IND NAME:BOODAH INC                 TRN*1*2238171532*1611241225*WPSEAST   \ TRN: 3474775728TC",59.35,ACH_CREDIT,41867.28,,
CREDIT,12/12/2024,"ORIG CO NAME:NGS, INC.              ORIG ID:I351840597 DESC DATE:241209 CO ENTRY DESCR:HCCLAIMPMTSEC:CCD    TRACE#:042000014768088 EED:241212   IND ID:1104390525                   IND NAME:BOODAH, INC                TRN*1*896150128*1351840597~                                                       MEDICARE B OF NE TRN: 3474768088TC",138.05,ACH_CREDIT,41807.93,,
CREDIT,12/12/2024,"ORIG CO NAME:UNITED BEHAVIORA       ORIG ID:1805600001 DESC DATE:       CO ENTRY DESCR:HCCLAIMPMTSEC:CCD    TRACE#:124384876321946 EED:241212   IND ID:825169916                    IND NAME:Boodah Inc                 TRN*1*24342B1000015929*1411289245*0 00087726\ TRN: 3476321946TC",140.28,ACH_CREDIT,41669.88,,
CREDIT,12/12/2024,"ORIG CO NAME:STRIPE                 ORIG ID:1800948598 DESC DATE:       CO ENTRY DESCR:TRANSFER  SEC:CCD    TRACE#:091000014419984 EED:241212   IND ID:ST-T0Y2I2H2O4Z7              IND NAME:BOODAH INC TRN: 3474419984TC",242.45,ACH_CREDIT,41529.60,,
CREDIT,12/12/2024,"ORIG CO NAME:AETNA A04              ORIG ID:1066033492 DESC DATE:       CO ENTRY DESCR:HCCLAIMPMTSEC:CCD    TRACE#:031100204743522 EED:241212   IND ID:1104390525                   IND NAME:BOODAH INC                 TRN*1*824344000191663*1066033492\ TRN: 3474743522TC",379.34,ACH_CREDIT,41287.15,,
CREDIT,12/12/2024,"ORIG CO NAME:UNITEDHEALTHCARE       ORIG ID:1411289245 DESC DATE:       CO ENTRY DESCR:HCCLAIMPMTSEC:CCD    TRACE#:124384876325158 EED:241212   IND ID:825169916                    IND NAME:Boodah Inc                 TRN*1*W306800013*1411289245*0000877 26\ TRN: 3476325158TC",1208.99,ACH_CREDIT,40907.81,,
CREDIT,12/12/2024,"ORIG CO NAME:Carelon Behav Z        ORIG ID:2043324848 DESC DATE:241211 CO ENTRY DESCR:HCCLAIMPMTSEC:CCD    TRACE#:011500125053380 EED:241212   IND ID:                             IND NAME:BOODAH INC                 TRN*1*8035848*1043324848\ TRN: 3475053380TC",1395.47,ACH_CREDIT,39698.82,,
DEBIT,12/11/2024,"ORIG CO NAME:PAY PLUS               ORIG ID:5452579291 DESC DATE:241210 CO ENTRY DESCR:ACHTrans  SEC:CCD    TRACE#:101000696213435 EED:241211   IND ID:47236888                     IND NAME:Default debit account      FeeTransfer REF#47236888                                                          PPSACCOUNT TRN: 3466213435TC",-3.67,ACH_DEBIT,38303.35,,
DEBIT,12/11/2024,"ORIG CO NAME:IRS                    ORIG ID:3387702000 DESC DATE:121124 CO ENTRY DESCR:USATAXPYMTSEC:CCD    TRACE#:061036019764088 EED:241211   IND ID:227474666034602              IND NAME:BOODAH INC TRN: 3469764088TC",-7982.72,ACH_DEBIT,38307.02,,
CREDIT,12/11/2024,"ORIG CO NAME:PAY PLUS               ORIG ID:6452579291 DESC DATE:241211 CO ENTRY DESCR:HCCLAIMPMTSEC:CCD    TRACE#:101000696212292 EED:241211   IND ID:825169916                    IND NAME:COLLEEN LONG GALLACCHI     TRN*1*588743131*1271502067\                                                       PPSACCOUNT TRN: 3466212292TC",11.06,ACH_CREDIT,46289.74,,
CREDIT,12/11/2024,"ORIG CO NAME:EASYPAY                ORIG ID:1340797057 DESC DATE:241210 CO ENTRY DESCR:INSTFUNDINSEC:CCD    TRACE#:041001036388626 EED:241211   IND ID:896246463880                 IND NAME:BOODAH INC TRN: 3466388626TC",197.17,ACH_CREDIT,46278.68,,
CREDIT,12/11/2024,"ORIG CO NAME:STRIPE                 ORIG ID:1800948598 DESC DATE:       CO ENTRY DESCR:TRANSFER  SEC:CCD    TRACE#:091000016669971 EED:241211   IND ID:ST-X5E1O6T0D7X2              IND NAME:BOODAH INC TRN: 3466669971TC",240.34,ACH_CREDIT,46081.51,,
CREDIT,12/11/2024,"ORIG CO NAME:CIGNA                  ORIG ID:9751677627 DESC DATE:120724 CO ENTRY DESCR:HCCLAIMPMTSEC:CCD    TRACE#:091000013477127 EED:241211   IND ID:825169916                    IND NAME:/BOODAH INC                TRN*1*241207090070022*1591031071\ TRN: 3463477127TC",893.90,ACH_CREDIT,45841.17,,
CREDIT,12/11/2024,"ORIG CO NAME:BCBS OF MASS           ORIG ID:1041045815 DESC DATE:120624 CO ENTRY DESCR:HCCLAIMPMTSEC:CCD    TRACE#:091000013475436 EED:241211   IND ID:741113050                    IND NAME:70020000LMG471             TRN*1*741113050*1041045815\ TRN: 3463475436TC",1412.52,ACH_CREDIT,44947.27,,
CREDIT,12/11/2024,"ORIG CO NAME:BCBS OF MASS           ORIG ID:1041045815 DESC DATE:120624 CO ENTRY DESCR:HCCLAIMPMTSEC:CCD    TRACE#:091000013475442 EED:241211   IND ID:741129418                    IND NAME:70020000LMG471             TRN*1*741129418*1041045815\ TRN: 3463475442TC",5590.41,ACH_CREDIT,43534.75,,
DEBIT,12/10/2024,"ORIG CO NAME:KEY MERCHANT SVS       ORIG ID:2580215200 DESC DATE:241209 CO ENTRY DESCR:DISCOUNT  SEC:CCD    TRACE#:041001035467030 EED:241210   IND ID:896246463880                 IND NAME:BOSTON PSYCHOLOGICAL T                                                                                       1-800-304-9856 TRN: 3455467030TC",-6.02,ACH_DEBIT,37944.34,,
DEBIT,12/10/2024,"ORIG CO NAME:PAYROLL                ORIG ID:1943345425 DESC DATE:241210 CO ENTRY DESCR:TAX       SEC:CCD    TRACE#:111000024358995 EED:241210   IND ID:9683333                      IND NAME:BOODAH INC- BOSTON PSY TRN: 3454358995TC",-183.36,ACH_DEBIT,37950.36,,
DEBIT,12/10/2024,"ORIG CO NAME:PAYROLL                ORIG ID:4462800242 DESC DATE:241210 CO ENTRY DESCR:PAYROLL   SEC:CCD    TRACE#:111000020587554 EED:241210   IND ID:9683333                      IND NAME:BOODAH INC TRN: 3450587554TC",-948.06,ACH_DEBIT,38133.72,,
CREDIT,12/10/2024,"ORIG CO NAME:PAY PLUS               ORIG ID:6452579291 DESC DATE:241210 CO ENTRY DESCR:HCCLAIMPMTSEC:CCD    TRACE#:101000691409191 EED:241210   IND ID:825169916                    IND NAME:COLLEEN LONG GALLACCHI     TRN*1*587831774*1042734278\                                                       PPSACCOUNT TRN: 3451409191TC",193.31,ACH_CREDIT,39081.78,,
CREDIT,12/10/2024,"ORIG CO NAME:NGS, INC.              ORIG ID:I351840597 DESC DATE:241205 CO ENTRY DESCR:HCCLAIMPMTSEC:CCD    TRACE#:042000013816338 EED:241210   IND ID:1104390525                   IND NAME:BOODAH, INC                TRN*1*896140230*1351840597~                                                       MEDICARE B OF NE TRN: 3453816338TC",200.08,ACH_CREDIT,38888.47,,
CREDIT,12/10/2024,"ORIG CO NAME:Carelon Behav Z        ORIG ID:3043324848 DESC DATE:241206 CO ENTRY DESCR:HCCLAIMPMTSEC:CCD    TRACE#:011500123802855 EED:241210   IND ID:                             IND NAME:BOODAH INC                 TRN*1*8031335*1043324848\ TRN: 3453802855TC",1843.05,ACH_CREDIT,38688.39,,
DSLIP,12/10/2024,"REMOTE ONLINE DEPOSIT #          1",75.93,CHECK_DEPOSIT,36845.34,1,
DSLIP,12/10/2024,"REMOTE ONLINE DEPOSIT #          1",188.31,CHECK_DEPOSIT,36769.41,1,
DSLIP,12/10/2024,"REMOTE ONLINE DEPOSIT #          1",203.06,CHECK_DEPOSIT,36581.10,1,
DEBIT,12/09/2024,"ORIG CO NAME:KEY MERCHANT SVS       ORIG ID:2580215200 DESC DATE:241206 CO ENTRY DESCR:FEE       SEC:CCD    TRACE#:041001039380311 EED:241209   IND ID:896246463880                 IND NAME:BOSTON PSYCHOLOGICAL T                                                                                       1-800-304-9856 TRN: 3449380311TC",-10.00,ACH_DEBIT,36378.04,,
DEBIT,12/09/2024,"ORIG CO NAME:KEY MERCHANT SVS       ORIG ID:2580215200 DESC DATE:241206 CO ENTRY DESCR:DISCOUNT  SEC:CCD    TRACE#:041001039380307 EED:241209   IND ID:896246463880                 IND NAME:BOSTON PSYCHOLOGICAL T                                                                                       1-800-304-9856 TRN: 3449380307TC",-23.76,ACH_DEBIT,36388.04,,
DEBIT,12/09/2024,"ORIG CO NAME:KEY MERCHANT SVS       ORIG ID:2580215200 DESC DATE:241206 CO ENTRY DESCR:CHARGEBACKSEC:CCD    TRACE#:041001039380309 EED:241209   IND ID:896246463880                 IND NAME:BOSTON PSYCHOLOGICAL T                                                                                       1-800-304-9856 TRN: 3449380309TC",-250.00,ACH_DEBIT,36411.80,,
DEBIT,12/09/2024,"Zelle payment to Lauren Powell JPM99asmtihw",-2000.00,CHASE_TO_PARTNERFI,36661.80,,
DEBIT,12/09/2024,"ORIG CO NAME:PAYPAL                 ORIG ID:PAYPALSI77 DESC DATE:241206 CO ENTRY DESCR:INST XFER SEC:WEB    TRACE#:091000019578257 EED:241209   IND ID:MCDONALDS 27923              IND NAME:BOODAH  INC                                                                                                  INSTANT TRANSFER TRN: 3449578257TC",-44.65,MISC_DEBIT,38661.80,,
DEBIT,12/09/2024,"ORIG CO NAME:PAYROLL                ORIG ID:4462800242 DESC DATE:241209 CO ENTRY DESCR:PAYROLL   SEC:CCD    TRACE#:111000029389480 EED:241209   IND ID:9683333                      IND NAME:BOODAH INC TRN: 3449389480TC",-162.00,ACH_DEBIT,38706.45,,
DEBIT,12/09/2024,"ORIG CO NAME:PAYROLL                ORIG ID:4462800242 DESC DATE:241209 CO ENTRY DESCR:PAYROLL   SEC:CCD    TRACE#:111000029389478 EED:241209   IND ID:9683333                      IND NAME:BOODAH INC TRN: 3449389478TC",-195.40,ACH_DEBIT,38868.45,,
DEBIT,12/09/2024,"ORIG CO NAME:INTUIT 46209825        ORIG ID:4462800242 DESC DATE:241209 CO ENTRY DESCR:PAYROLL   SEC:CCD    TRACE#:111000029388714 EED:241209   IND ID:9683333                      IND NAME:BOODAH INC- BOSTON PSY TRN: 3449388714TC",-254.05,ACH_DEBIT,39063.85,,
DEBIT,12/09/2024,"ORIG CO NAME:PAYROLL                ORIG ID:4462800242 DESC DATE:241209 CO ENTRY DESCR:PAYROLL   SEC:CCD    TRACE#:111000029389477 EED:241209   IND ID:9683333                      IND NAME:BOODAH INC TRN: 3449389477TC",-278.00,ACH_DEBIT,39317.90,,
DEBIT,12/09/2024,"ORIG CO NAME:PAYROLL                ORIG ID:4462800242 DESC DATE:241209 CO ENTRY DESCR:PAYROLL   SEC:CCD    TRACE#:111000029389475 EED:241209   IND ID:9683333                      IND NAME:BOODAH INC TRN: 3449389475TC",-353.40,ACH_DEBIT,39595.90,,
DEBIT,12/09/2024,"ORIG CO NAME:INTUIT 46209825        ORIG ID:4462800242 DESC DATE:241209 CO ENTRY DESCR:PAYROLL   SEC:CCD    TRACE#:111000029388718 EED:241209   IND ID:9683333                      IND NAME:BOODAH INC- BOSTON PSY TRN: 3449388718TC",-383.92,ACH_DEBIT,39949.30,,
DEBIT,12/09/2024,"ORIG CO NAME:INTUIT 46218168        ORIG ID:4462800242 DESC DATE:241209 CO ENTRY DESCR:PAYROLL   SEC:CCD    TRACE#:111000029391229 EED:241209   IND ID:9683333                      IND NAME:BOODAH INC- BOSTON PSY TRN: 3449391229TC",-486.05,ACH_DEBIT,40333.22,,
DEBIT,12/09/2024,"ORIG CO NAME:INTUIT 46218168        ORIG ID:4462800242 DESC DATE:241209 CO ENTRY DESCR:PAYROLL   SEC:CCD    TRACE#:111000029391226 EED:241209   IND ID:9683333                      IND NAME:BOODAH INC- BOSTON PSY TRN: 3449391226TC",-486.05,ACH_DEBIT,40819.27,,
DEBIT,12/09/2024,"ORIG CO NAME:INTUIT 46218168        ORIG ID:4462800242 DESC DATE:241209 CO ENTRY DESCR:PAYROLL   SEC:CCD    TRACE#:111000029391224 EED:241209   IND ID:9683333                      IND NAME:BOODAH INC- BOSTON PSY TRN: 3449391224TC",-486.05,ACH_DEBIT,41305.32,,
DEBIT,12/09/2024,"ORIG CO NAME:INTUIT 46209825        ORIG ID:4462800242 DESC DATE:241209 CO ENTRY DESCR:PAYROLL   SEC:CCD    TRACE#:111000029388712 EED:241209   IND ID:9683333                      IND NAME:BOODAH INC- BOSTON PSY TRN: 3449388712TC",-486.30,ACH_DEBIT,41791.37,,
DEBIT,12/09/2024,"ORIG CO NAME:INTUIT 46218168        ORIG ID:4462800242 DESC DATE:241209 CO ENTRY DESCR:PAYROLL   SEC:CCD    TRACE#:111000029391223 EED:241209   IND ID:9683333                      IND NAME:BOODAH INC- BOSTON PSY TRN: 3449391223TC",-532.13,ACH_DEBIT,42277.67,,
DEBIT,12/09/2024,"ORIG CO NAME:PAYROLL                ORIG ID:4462800242 DESC DATE:241209 CO ENTRY DESCR:PAYROLL   SEC:CCD    TRACE#:111000029389481 EED:241209   IND ID:9683333                      IND NAME:BOODAH INC TRN: 3449389481TC",-559.67,ACH_DEBIT,42809.80,,
DEBIT,12/09/2024,"ORIG CO NAME:INTUIT 46289701        ORIG ID:4462800242 DESC DATE:241209 CO ENTRY DESCR:PAYROLL   SEC:CCD    TRACE#:111000029391682 EED:241209   IND ID:9683333                      IND NAME:BOODAH INC- BOSTON PSY TRN: 3449391682TC",-561.06,ACH_DEBIT,43369.47,,
DEBIT,12/09/2024,"ORIG CO NAME:PAYROLL                ORIG ID:4462800242 DESC DATE:241209 CO ENTRY DESCR:PAYROLL   SEC:CCD    TRACE#:111000029389479 EED:241209   IND ID:9683333                      IND NAME:BOODAH INC TRN: 3449389479TC",-623.00,ACH_DEBIT,43930.53,,
DEBIT,12/09/2024,"ORIG CO NAME:INTUIT 46288979        ORIG ID:4462800242 DESC DATE:241209 CO ENTRY DESCR:PAYROLL   SEC:CCD    TRACE#:111000029390334 EED:241209   IND ID:9683333                      IND NAME:BOODAH INC- BOSTON PSY TRN: 3449390334TC",-689.61,ACH_DEBIT,44553.53,,
DEBIT,12/09/2024,"ORIG CO NAME:INTUIT 46218168        ORIG ID:4462800242 DESC DATE:241209 CO ENTRY DESCR:PAYROLL   SEC:CCD    TRACE#:111000029391225 EED:241209   IND ID:9683333                      IND NAME:BOODAH INC- BOSTON PSY TRN: 3449391225TC",-1143.73,ACH_DEBIT,45243.14,,
DEBIT,12/09/2024,"ORIG CO NAME:INTUIT 46218168        ORIG ID:4462800242 DESC DATE:241209 CO ENTRY DESCR:PAYROLL   SEC:CCD    TRACE#:111000029391228 EED:241209   IND ID:9683333                      IND NAME:BOODAH INC- BOSTON PSY TRN: 3449391228TC",-1169.44,ACH_DEBIT,46386.87,,
DEBIT,12/09/2024,"ORIG CO NAME:INTUIT 46218168        ORIG ID:4462800242 DESC DATE:241209 CO ENTRY DESCR:PAYROLL   SEC:CCD    TRACE#:111000029391227 EED:241209   IND ID:9683333                      IND NAME:BOODAH INC- BOSTON PSY TRN: 3449391227TC",-1169.44,ACH_DEBIT,47556.31,,
DEBIT,12/09/2024,"ORIG CO NAME:INTUIT 46209825        ORIG ID:4462800242 DESC DATE:241209 CO ENTRY DESCR:PAYROLL   SEC:CCD    TRACE#:111000029388721 EED:241209   IND ID:9683333                      IND NAME:BOODAH INC- BOSTON PSY TRN: 3449388721TC",-1181.63,ACH_DEBIT,48725.75,,
DEBIT,12/09/2024,"ORIG CO NAME:INTUIT 46218168        ORIG ID:4462800242 DESC DATE:241209 CO ENTRY DESCR:PAYROLL   SEC:CCD    TRACE#:111000029391222 EED:241209   IND ID:9683333                      IND NAME:BOODAH INC- BOSTON PSY TRN: 3449391222TC",-1241.65,ACH_DEBIT,49907.38,,
DEBIT,12/09/2024,"ORIG CO NAME:INTUIT 46209825        ORIG ID:4462800242 DESC DATE:241209 CO ENTRY DESCR:PAYROLL   SEC:CCD    TRACE#:111000029388719 EED:241209   IND ID:9683333                      IND NAME:BOODAH INC- BOSTON PSY TRN: 3449388719TC",-1315.23,ACH_DEBIT,51149.03,,
DEBIT,12/09/2024,"ORIG CO NAME:INTUIT 46289020        ORIG ID:4462800242 DESC DATE:241209 CO ENTRY DESCR:PAYROLL   SEC:CCD    TRACE#:111000029390995 EED:241209   IND ID:9683333                      IND NAME:BOODAH INC- BOSTON PSY TRN: 3449390995TC",-1378.41,ACH_DEBIT,52464.26,,
DEBIT,12/09/2024,"ORIG CO NAME:INTUIT 46209825        ORIG ID:4462800242 DESC DATE:241209 CO ENTRY DESCR:PAYROLL   SEC:CCD    TRACE#:111000029388713 EED:241209   IND ID:9683333                      IND NAME:BOODAH INC- BOSTON PSY TRN: 3449388713TC",-1432.60,ACH_DEBIT,53842.67,,
DEBIT,12/09/2024,"ORIG CO NAME:PAYROLL                ORIG ID:4462800242 DESC DATE:241209 CO ENTRY DESCR:PAYROLL   SEC:CCD    TRACE#:111000029389476 EED:241209   IND ID:9683333                      IND NAME:BOODAH INC TRN: 3449389476TC",-1438.19,ACH_DEBIT,55275.27,,
DEBIT,12/09/2024,"ORIG CO NAME:INTUIT 46209825        ORIG ID:4462800242 DESC DATE:241209 CO ENTRY DESCR:PAYROLL   SEC:CCD    TRACE#:111000029388716 EED:241209   IND ID:9683333                      IND NAME:BOODAH INC- BOSTON PSY TRN: 3449388716TC",-1454.06,ACH_DEBIT,56713.46,,
DEBIT,12/09/2024,"ORIG CO NAME:INTUIT 46209825        ORIG ID:4462800242 DESC DATE:241209 CO ENTRY DESCR:PAYROLL   SEC:CCD    TRACE#:111000029388720 EED:241209   IND ID:9683333                      IND NAME:BOODAH INC- BOSTON PSY TRN: 3449388720TC",-1663.12,ACH_DEBIT,58167.52,,
DEBIT,12/09/2024,"ORIG CO NAME:INTUIT 46209825        ORIG ID:4462800242 DESC DATE:241209 CO ENTRY DESCR:PAYROLL   SEC:CCD    TRACE#:111000029388711 EED:241209   IND ID:9683333                      IND NAME:BOODAH INC- BOSTON PSY TRN: 3449388711TC",-1759.00,ACH_DEBIT,59830.64,,
DEBIT,12/09/2024,"ORIG CO NAME:INTUIT 46289664        ORIG ID:4462800242 DESC DATE:241209 CO ENTRY DESCR:PAYROLL   SEC:CCD    TRACE#:111000029390126 EED:241209   IND ID:9683333                      IND NAME:BOODAH INC- BOSTON PSY TRN: 3449390126TC",-1914.95,ACH_DEBIT,61589.64,,
DEBIT,12/09/2024,"ORIG CO NAME:INTUIT 46209825        ORIG ID:4462800242 DESC DATE:241209 CO ENTRY DESCR:PAYROLL   SEC:CCD    TRACE#:111000029388715 EED:241209   IND ID:9683333                      IND NAME:BOODAH INC- BOSTON PSY TRN: 3449388715TC",-1970.47,ACH_DEBIT,63504.59,,
DEBIT,12/09/2024,"ORIG CO NAME:THE HARTFORD           ORIG ID:9942902727 DESC DATE:       CO ENTRY DESCR:INSPMTCL  SEC:CCD    TRACE#:051000019424561 EED:241209   IND ID:15801127                     IND NAME:BOODAH INC                                                                                                   NWTBS CL SCIC ACH C TRN: 3449424561TC",-2163.68,ACH_DEBIT,65475.06,,
DEBIT,12/09/2024,"ORIG CO NAME:INTUIT 46209825        ORIG ID:4462800242 DESC DATE:241209 CO ENTRY DESCR:PAYROLL   SEC:CCD    TRACE#:111000029388717 EED:241209   IND ID:9683333                      IND NAME:BOODAH INC- BOSTON PSY TRN: 3449388717TC",-4199.19,ACH_DEBIT,67638.74,,
CREDIT,12/09/2024,"ORIG CO NAME:EASYPAY                ORIG ID:1340797057 DESC DATE:241206 CO ENTRY DESCR:INSTFUNDINSEC:CCD    TRACE#:041001039763689 EED:241209   IND ID:896246463880                 IND NAME:BOODAH INC TRN: 3449763689TC",65.00,ACH_CREDIT,71837.93,,
CREDIT,12/09/2024,"ORIG CO NAME:UNITED BEHAVIORA       ORIG ID:1805600001 DESC DATE:       CO ENTRY DESCR:HCCLAIMPMTSEC:CCD    TRACE#:124384873069593 EED:241209   IND ID:825169916                    IND NAME:Boodah Inc                 TRN*1*24339B1000009963*1411289245*0 00087726\ TRN: 3443069593TC",122.09,ACH_CREDIT,71772.93,,
CREDIT,12/09/2024,"ORIG CO NAME:STRIPE                 ORIG ID:1800948598 DESC DATE:       CO ENTRY DESCR:TRANSFER  SEC:CCD    TRACE#:091000014666229 EED:241209   IND ID:ST-D7N4B2Q4I4H3              IND NAME:BOODAH INC TRN: 3444666229TC",145.35,ACH_CREDIT,71650.84,,
CREDIT,12/09/2024,"ORIG CO NAME:EASYPAY                ORIG ID:1340797057 DESC DATE:241207 CO ENTRY DESCR:INSTFUNDINSEC:CCD    TRACE#:041001039380281 EED:241209   IND ID:896246463880                 IND NAME:BOODAH INC TRN: 3449380281TC",788.30,ACH_CREDIT,71505.49,,
DEBIT,12/06/2024,"ORIG CO NAME:KEY MERCHANT SVS       ORIG ID:2580215200 DESC DATE:241205 CO ENTRY DESCR:DISCOUNT  SEC:CCD    TRACE#:041001037475446 EED:241206   IND ID:896246463880                 IND NAME:BOSTON PSYCHOLOGICAL T                                                                                       1-800-304-9856 TRN: 3417475446TC",-2.49,ACH_DEBIT,70717.19,,
DEBIT,12/06/2024,"ORIG CO NAME:PAYROLL                ORIG ID:1943345425 DESC DATE:241206 CO ENTRY DESCR:TAX       SEC:CCD    TRACE#:111000027636954 EED:241206   IND ID:9683333                      IND NAME:BOODAH INC- BOSTON PSY TRN: 3417636954TC",-2617.73,ACH_DEBIT,70719.68,,
DEBIT,12/06/2024,"ORIG CO NAME:EVERSOURCE             ORIG ID:1202042013 DESC DATE:DEC 24 CO ENTRY DESCR:WEB_PAY   SEC:WEB    TRACE#:111000025736910 EED:241206   IND ID:68100982111524               IND NAME:COLLEEN GALLICCHIO TRN: 3415736910TC",-21.00,ACH_DEBIT,73337.41,,
DEBIT,12/06/2024,"ORIG CO NAME:VA DEPT TAXATION       ORIG ID:2546001734 DESC DATE:241205 CO ENTRY DESCR:TAX PAYMENSEC:CCD    TRACE#:091000015972232 EED:241206   IND ID:*****9916                    IND NAME:Boodah Inc                                                                                                   EFT PAYMENTS TRN: 3415972232TC",-145.44,ACH_DEBIT,73358.41,,
CREDIT,12/06/2024,"ORIG CO NAME:HUMANA GOVT BUSI       ORIG ID:2610647538 DESC DATE:120424 CO ENTRY DESCR:HCCLAIMPMTSEC:CCD    TRACE#:111000026891204 EED:241206   IND ID:2238025147                   IND NAME:BOODAH INC                 TRN*1*2238025147*1611241225*WPSEAST   \ TRN: 3416891204TC",79.14,ACH_CREDIT,73503.85,,
CREDIT,12/06/2024,"ORIG CO NAME:UnitedHealthcare       ORIG ID:1780000000 DESC DATE:       CO ENTRY DESCR:HCCLAIMPMTSEC:CCD    TRACE#:124384875585544 EED:241206   IND ID:825169916                    IND NAME:Boodah Inc                 TRN*1*UH8820000037753102019204*1391 995276*0000UMR01\ TRN: 3415585544TC",136.57,ACH_CREDIT,73424.71,,
CREDIT,12/06/2024,"ORIG CO NAME:EASYPAY                ORIG ID:1340797057 DESC DATE:241205 CO ENTRY DESCR:INSTFUNDINSEC:CCD    TRACE#:041001035995657 EED:241206   IND ID:896246463880                 IND NAME:BOODAH INC TRN: 3415995657TC",140.00,ACH_CREDIT,73288.14,,
CREDIT,12/06/2024,"ORIG CO NAME:WELLPOINT 05C          ORIG ID:0365BA293A DESC DATE:       CO ENTRY DESCR:HCCLAIMPMTSEC:CCD    TRACE#:111000025785713 EED:241206   IND ID:3258123176                   IND NAME:BOODAH  INC                TRN*1*3258123176*1520913817\                                                      EDI PAYMENT TRN: 3415785713TC",412.85,ACH_CREDIT,73148.14,,
CREDIT,12/06/2024,"ORIG CO NAME:UHC Benefits Pla       ORIG ID:1473221444 DESC DATE:       CO ENTRY DESCR:HCCLAIMPMTSEC:CCD    TRACE#:124384875585500 EED:241206   IND ID:825169916                    IND NAME:Boodah Inc                 TRN*1*SW15781458*1473221444*0000877 26\ TRN: 3415585500TC",1208.99,ACH_CREDIT,72735.29,,
CREDIT,12/06/2024,"ORIG CO NAME:TUFTS ASSOCIATED       ORIG ID:4800721489 DESC DATE:241203 CO ENTRY DESCR:HCCLAIMPMTSEC:CCD    TRACE#:111000025798640 EED:241206   IND ID:                             IND NAME:BOODAH INC                 TRN*1*71146651*1042674079\ TRN: 3415798640TC",4973.44,ACH_CREDIT,71526.30,,
DEBIT,12/05/2024,"ORIG CO NAME:KEY MERCHANT SVS       ORIG ID:2580215200 DESC DATE:241204 CO ENTRY DESCR:DISCOUNT  SEC:CCD    TRACE#:041001038672507 EED:241205   IND ID:896246463880                 IND NAME:BOSTON PSYCHOLOGICAL T                                                                                       1-800-304-9856 TRN: 3408672507TC",-4.66,ACH_DEBIT,66552.86,,
DEBIT,12/05/2024,"ORIG CO NAME:EVERSOURCE             ORIG ID:1202042013 DESC DATE:DEC 24 CO ENTRY DESCR:WEB_PAY   SEC:WEB    TRACE#:111000021240462 EED:241205   IND ID:68088191111524               IND NAME:COLLEEN GALLICCHIO TRN: 3401240462TC",-147.73,ACH_DEBIT,66557.52,,
CREDIT,12/05/2024,"ORIG CO NAME:EASYPAY                ORIG ID:1340797057 DESC DATE:241204 CO ENTRY DESCR:INSTFUNDINSEC:CCD    TRACE#:041001030510250 EED:241205   IND ID:896246463880                 IND NAME:BOODAH INC TRN: 3400510250TC",55.00,ACH_CREDIT,66705.25,,
CREDIT,12/05/2024,"ORIG CO NAME:UNITED BEHAVIORA       ORIG ID:1805600001 DESC DATE:       CO ENTRY DESCR:HCCLAIMPMTSEC:CCD    TRACE#:124384871286261 EED:241205   IND ID:825169916                    IND NAME:Boodah Inc                 TRN*1*24335B1000007653*1411289245*0 00087726\ TRN: 3401286261TC",105.01,ACH_CREDIT,66650.25,,
CREDIT,12/05/2024,"ORIG CO NAME:AETNA AS01             ORIG ID:1066033492 DESC DATE:       CO ENTRY DESCR:HCCLAIMPMTSEC:CCD    TRACE#:051000018081749 EED:241205   IND ID:1104390525                   IND NAME:BOODAH INC                 TRN*1*824337000326071*1066033492\ TRN: 3408081749TC",172.17,ACH_CREDIT,66545.24,,
CREDIT,12/05/2024,"ORIG CO NAME:STRIPE                 ORIG ID:1800948598 DESC DATE:       CO ENTRY DESCR:TRANSFER  SEC:CCD    TRACE#:091000019647805 EED:241205   IND ID:ST-V4U4Z8W0C1E9              IND NAME:BOODAH INC TRN: 3409647805TC",240.34,ACH_CREDIT,66373.07,,
CREDIT,12/05/2024,"ORIG CO NAME:NGS, INC.              ORIG ID:I351840597 DESC DATE:241202 CO ENTRY DESCR:HCCLAIMPMTSEC:CCD    TRACE#:042000018177286 EED:241205   IND ID:1104390525                   IND NAME:BOODAH, INC                TRN*1*896126974*1351840597~                                                       MEDICARE B OF NE TRN: 3408177286TC",367.55,ACH_CREDIT,66132.73,,
CREDIT,12/05/2024,"ORIG CO NAME:UNITEDHEALTHCARE       ORIG ID:1411289245 DESC DATE:       CO ENTRY DESCR:HCCLAIMPMTSEC:CCD    TRACE#:124384871286655 EED:241205   IND ID:825169916                    IND NAME:Boodah Inc                 TRN*1*W306112864*1411289245*0000877 26\ TRN: 3401286655TC",388.92,ACH_CREDIT,65765.18,,
CREDIT,12/05/2024,"ORIG CO NAME:Carelon Behav Z        ORIG ID:2043324848 DESC DATE:241204 CO ENTRY DESCR:HCCLAIMPMTSEC:CCD    TRACE#:011500120253281 EED:241205   IND ID:                             IND NAME:BOODAH INC                 TRN*1*8027246*1043324848\ TRN: 3400253281TC",3354.72,ACH_CREDIT,65376.26,,
DEBIT,12/04/2024,"ORIG CO NAME:CAPITAL ONE            ORIG ID:9279744380 DESC DATE:241204 CO ENTRY DESCR:MOBILE PMTSEC:CCD    TRACE#:021000029503674 EED:241204   IND ID:3YOKSS3WCKLSP34              IND NAME:COLLEEN GALLICCHIO TRN: 3399503674TC",-3978.33,ACH_DEBIT,62021.54,,
DEBIT,12/04/2024,"ORIG CO NAME:KEY MERCHANT SVS       ORIG ID:2580215200 DESC DATE:241203 CO ENTRY DESCR:DISCOUNT  SEC:CCD    TRACE#:041001030471272 EED:241204   IND ID:896246463880                 IND NAME:BOSTON PSYCHOLOGICAL T                                                                                       1-800-304-9856 TRN: 3390471272TC",-2.50,ACH_DEBIT,65999.87,,
DEBIT,12/04/2024,"ORIG CO NAME:PAY PLUS               ORIG ID:5452579291 DESC DATE:241203 CO ENTRY DESCR:ACHTrans  SEC:CCD    TRACE#:101000696729175 EED:241204   IND ID:46083025                     IND NAME:Default debit account      FeeTransfer REF#46083025                                                          PPSACCOUNT TRN: 3396729175TC",-24.41,ACH_DEBIT,66002.37,,
CREDIT,12/04/2024,"ORIG CO NAME:EASYPAY                ORIG ID:1340797057 DESC DATE:241203 CO ENTRY DESCR:INSTFUNDINSEC:CCD    TRACE#:041001036335925 EED:241204   IND ID:896246463880                 IND NAME:BOODAH INC TRN: 3396335925TC",80.00,ACH_CREDIT,66026.78,,
CREDIT,12/04/2024,"ORIG CO NAME:CIGNA EDGE TRANS       ORIG ID:7026944582 DESC DATE:       CO ENTRY DESCR:HCCLAIMPMTSEC:CCD    TRACE#:242071756343841 EED:241204   IND ID:602501034673                 IND NAME:BOODAH INC                 TRN*1*602501034673*1591031071~                                                    HCCLAIMPMT TRN: 3396343841TC",103.00,ACH_CREDIT,65946.78,,
CREDIT,12/04/2024,"ORIG CO NAME:CIGNA                  ORIG ID:9751677627 DESC DATE:113024 CO ENTRY DESCR:HCCLAIMPMTSEC:CCD    TRACE#:091000014272663 EED:241204   IND ID:825169916                    IND NAME:/BOODAH INC                TRN*1*241130090087653*1411648670\ TRN: 3394272663TC",195.00,ACH_CREDIT,65843.78,,
CREDIT,12/04/2024,"ORIG CO NAME:STRIPE                 ORIG ID:1800948598 DESC DATE:       CO ENTRY DESCR:TRANSFER  SEC:CCD    TRACE#:091000016732435 EED:241204   IND ID:ST-S1P7V9K4F4B1              IND NAME:BOODAH INC TRN: 3396732435TC",581.40,ACH_CREDIT,65648.78,,
CREDIT,12/04/2024,"ORIG CO NAME:HUMANA GOVT BUSI       ORIG ID:2610647538 DESC DATE:120224 CO ENTRY DESCR:HCCLAIMPMTSEC:CCD    TRACE#:111000024152892 EED:241204   IND ID:2237951955                   IND NAME:BOODAH INC                 TRN*1*2237951955*1611241225*WPSEAST   \ TRN: 3394152892TC",1040.56,ACH_CREDIT,65067.38,,
CREDIT,12/04/2024,"ORIG CO NAME:NGS, INC.              ORIG ID:I351840597 DESC DATE:241127 CO ENTRY DESCR:HCCLAIMPMTSEC:CCD    TRACE#:042000014159361 EED:241204   IND ID:1104390525                   IND NAME:BOODAH, INC                TRN*1*896120542*1351840597~                                                       MEDICARE B OF NE TRN: 3394159361TC",2638.22,ACH_CREDIT,64026.82,,
CREDIT,12/04/2024,"ORIG CO NAME:BCBS OF MASS           ORIG ID:1041045815 DESC DATE:112924 CO ENTRY DESCR:HCCLAIMPMTSEC:CCD    TRACE#:091000014270698 EED:241204   IND ID:741075667                    IND NAME:70020000LMG471             TRN*1*741075667*1041045815\ TRN: 3394270698TC",3355.15,ACH_CREDIT,61388.60,,
DEBIT,12/03/2024,"ORIG CO NAME:KEY MERCHANT SVS       ORIG ID:2580215200 DESC DATE:241202 CO ENTRY DESCR:DISCOUNT  SEC:CCD    TRACE#:041001038569569 EED:241203   IND ID:896246463880                 IND NAME:BOSTON PSYCHOLOGICAL T                                                                                       1-800-304-9856 TRN: 3388569569TC",-3.22,ACH_DEBIT,58033.45,,
DEBIT,12/03/2024,"ORIG CO NAME:KEY MERCHANT SVS       ORIG ID:2580215200 DESC DATE:241202 CO ENTRY DESCR:FEE       SEC:CCD    TRACE#:041001038569585 EED:241203   IND ID:896246463880                 IND NAME:BOSTON PSYCHOLOGICAL T                                                                                       1-800-304-9856 TRN: 3388569585TC",-37.00,ACH_DEBIT,58036.67,,
DEBIT,12/03/2024,"ORIG CO NAME:Qualifacts Syste       ORIG ID:0000512692 DESC DATE:       CO ENTRY DESCR:VSP*QualifSEC:CCD    TRACE#:096016933134626 EED:241203   IND ID:15044636                     IND NAME:Colleen Gallicchio                                                                                           6153866755 TRN: 3383134626TC",-381.99,ACH_DEBIT,58073.67,,
DEBIT,12/03/2024,"ORIG CO NAME:Qualifacts Syste       ORIG ID:0000512692 DESC DATE:       CO ENTRY DESCR:VSP*QualifSEC:CCD    TRACE#:096016933134633 EED:241203   IND ID:15044392                     IND NAME:Colleen Gallicchio                                                                                           6153866755 TRN: 3383134633TC",-1497.20,ACH_DEBIT,58455.66,,
DEBIT,12/03/2024,"ORIG CO NAME:PAYPAL                 ORIG ID:PAYPALSI77 DESC DATE:241202 CO ENTRY DESCR:INST XFER SEC:WEB    TRACE#:091000015330256 EED:241203   IND ID:APPLE.COM BILL               IND NAME:BOODAH  INC                                                                                                  INSTANT TRANSFER TRN: 3385330256TC",-3.35,MISC_DEBIT,59952.86,,
DEBIT,12/03/2024,"ORIG CO NAME:HOOVER AND COMPA       ORIG ID:271714485  DESC DATE:       CO ENTRY DESCR:ACH CollecSEC:CCD    TRACE#:082907275179347 EED:241203   IND ID:449596                       IND NAME:Boodah Psych TRN: 3385179347TC",-480.00,ACH_DEBIT,59956.21,,
DEBIT,12/03/2024,"ORIG CO NAME:Innago LLC             ORIG ID:945440567  DESC DATE:       CO ENTRY DESCR:Innago LLCSEC:WEB    TRACE#:273976365504999 EED:241203   IND ID:      IX6R64Z87              IND NAME:Colleen Long TRN: 3385504999TC",-730.00,ACH_DEBIT,60436.21,,
DEBIT,12/03/2024,"ORIG CO NAME:Innago LLC             ORIG ID:945440567  DESC DATE:       CO ENTRY DESCR:Innago LLCSEC:WEB    TRACE#:273976365505000 EED:241203   IND ID:      IV6A6EK8L              IND NAME:Colleen Long TRN: 3385505000TC",-902.00,ACH_DEBIT,61166.21,,
CREDIT,12/03/2024,"ORIG CO NAME:UNITED BEHAVIORA       ORIG ID:1805600001 DESC DATE:       CO ENTRY DESCR:HCCLAIMPMTSEC:CCD    TRACE#:124384878613166 EED:241203   IND ID:825169916                    IND NAME:Boodah Inc                 TRN*1*24333B1000014009*1411289245*0 00087726\ TRN: 3388613166TC",143.53,ACH_CREDIT,62068.21,,
CREDIT,12/03/2024,"ORIG CO NAME:UNITED BEHAVIORA       ORIG ID:1805600001 DESC DATE:       CO ENTRY DESCR:HCCLAIMPMTSEC:CCD    TRACE#:124384878613580 EED:241203   IND ID:825169916                    IND NAME:Boodah Inc                 TRN*1*24333B1000027881*1411289245*0 00087726\ TRN: 3388613580TC",176.96,ACH_CREDIT,61924.68,,
CREDIT,12/03/2024,"ORIG CO NAME:UNITED BEHAVIORA       ORIG ID:1805600001 DESC DATE:       CO ENTRY DESCR:HCCLAIMPMTSEC:CCD    TRACE#:124384878613594 EED:241203   IND ID:825169916                    IND NAME:Boodah Inc                 TRN*1*24333B1000011701*1411289245*0 00087726\ TRN: 3388613594TC",201.96,ACH_CREDIT,61747.72,,
CREDIT,12/03/2024,"ORIG CO NAME:PAY PLUS               ORIG ID:6452579291 DESC DATE:241203 CO ENTRY DESCR:HCCLAIMPMTSEC:CCD    TRACE#:101000694839371 EED:241203   IND ID:825169916                    IND NAME:COLLEEN LONG GALLACCHI     TRN*1*583262699*1042734278\                                                       PPSACCOUNT TRN: 3384839371TC",1284.89,ACH_CREDIT,61545.76,,
CREDIT,12/03/2024,"ORIG CO NAME:Carelon Behav Z        ORIG ID:2043324848 DESC DATE:241202 CO ENTRY DESCR:HCCLAIMPMTSEC:CCD    TRACE#:011500125649443 EED:241203   IND ID:                             IND NAME:BOODAH INC                 TRN*1*8021714*1043324848\ TRN: 3385649443TC",2707.02,ACH_CREDIT,60260.87,,
DEBIT,12/02/2024,"ORIG CO NAME:PAY PLUS               ORIG ID:5452579291 DESC DATE:241129 CO ENTRY DESCR:ACHTrans  SEC:CCD    TRACE#:101000694740106 EED:241202   IND ID:45824435                     IND NAME:Default debit account      FeeTransfer REF#45824435                                                          PPSACCOUNT TRN: 3374740106TC",-1.53,ACH_DEBIT,57553.85,,
DEBIT,12/02/2024,"ORIG CO NAME:KEY MERCHANT SVS       ORIG ID:2580215200 DESC DATE:241129 CO ENTRY DESCR:DISCOUNT  SEC:CCD    TRACE#:041001031932286 EED:241202   IND ID:896246463880                 IND NAME:BOSTON PSYCHOLOGICAL T                                                                                       1-800-304-9856 TRN: 3371932286TC",-1.91,ACH_DEBIT,57555.38,,
DEBIT,12/02/2024,"VERIZON*RECURRING PAY 800-VERIZON FL         12/02",-95.60,DEBIT_CARD,57557.29,,
DEBIT,12/02/2024,"Online Payment 22909048198 To BRC 4002 12/02",-600.00,LOAN_PMT,57652.89,,
DEBIT,12/02/2024,"ORIG CO NAME:PAYPAL                 ORIG ID:PAYPALSI77 DESC DATE:241201 CO ENTRY DESCR:INST XFER SEC:WEB    TRACE#:091000012557174 EED:241202   IND ID:SPOTIFYUSAI                  IND NAME:BOODAH  INC                                                                                                  INSTANT TRANSFER TRN: 3372557174TC",-19.99,MISC_DEBIT,58252.89,,
DEBIT,12/02/2024,"ORIG CO NAME:PAYPAL                 ORIG ID:PAYPALSI77 DESC DATE:241201 CO ENTRY DESCR:INST XFER SEC:WEB    TRACE#:091000012579617 EED:241202   IND ID:FOOTLOCKER                   IND NAME:BOODAH  INC                                                                                                  INSTANT TRANSFER TRN: 3372579617TC",-72.73,MISC_DEBIT,58272.88,,
DEBIT,12/02/2024,"ORIG CO NAME:TESLA FINANCE LL       ORIG ID:Z912197729 DESC DATE:B24333 CO ENTRY DESCR:TESLA FINASEC:PPD    TRACE#:091000012863733 EED:241202   IND ID:                             IND NAME:COLLEEN GALLICCHIO TRN: 3372863733TC",-1456.08,MISC_DEBIT,58345.61,,
CREDIT,12/02/2024,"ORIG CO NAME:EASYPAY                ORIG ID:1340797057 DESC DATE:241130 CO ENTRY DESCR:INSTFUNDINSEC:CCD    TRACE#:041001031932263 EED:241202   IND ID:896246463880                 IND NAME:BOODAH INC TRN: 3371932263TC",45.22,ACH_CREDIT,59801.69,,
CREDIT,12/02/2024,"ORIG CO NAME:HUMANA GOVT BUSI       ORIG ID:3611241225 DESC DATE:112724 CO ENTRY DESCR:HCCLAIMPMTSEC:CCD    TRACE#:111000024035985 EED:241202   IND ID:5000593267                   IND NAME:BOODAH INC                 TRN*1*5000593267*1611241225*WPSEAST   \ TRN: 3374035985TC",87.48,ACH_CREDIT,59756.47,,
CREDIT,12/02/2024,"ORIG CO NAME:UNITED BEHAVIORA       ORIG ID:1805600001 DESC DATE:       CO ENTRY DESCR:HCCLAIMPMTSEC:CCD    TRACE#:124384871764997 EED:241202   IND ID:825169916                    IND NAME:Boodah Inc                 TRN*1*24331B1000018757*1411289245*0 00087726\ TRN: 3371764997TC",122.09,ACH_CREDIT,59668.99,,
CREDIT,12/02/2024,"ORIG CO NAME:WELLPOINT 05C          ORIG ID:0365BA293A DESC DATE:       CO ENTRY DESCR:HCCLAIMPMTSEC:CCD    TRACE#:111000023880774 EED:241202   IND ID:3257559964                   IND NAME:BOODAH  INC                TRN*1*3257559964*1520913817\                                                      EDI PAYMENT TRN: 3373880774TC",258.88,ACH_CREDIT,59546.90,,
CREDIT,12/02/2024,"ORIG CO NAME:Carelon Behav Z        ORIG ID:3043324848 DESC DATE:241127 CO ENTRY DESCR:HCCLAIMPMTSEC:CCD    TRACE#:011500123973636 EED:241202   IND ID:                             IND NAME:BOODAH INC                 TRN*1*8023367*1043324848\ TRN: 3373973636TC",1338.45,ACH_CREDIT,59288.02,,
CREDIT,12/02/2024,"ORIG CO NAME:TUFTS ASSOCIATED       ORIG ID:4800721489 DESC DATE:241126 CO ENTRY DESCR:HCCLAIMPMTSEC:CCD    TRACE#:111000023881361 EED:241202   IND ID:                             IND NAME:BOODAH INC                 TRN*1*71143068*1042674079\ TRN: 3373881361TC",2976.53,ACH_CREDIT,57949.57,,
DEBIT,11/29/2024,"ORIG CO NAME:KEY MERCHANT SVS       ORIG ID:2580215200 DESC DATE:241127 CO ENTRY DESCR:DISCOUNT  SEC:CCD    TRACE#:041001036276382 EED:241129   IND ID:896246463880                 IND NAME:BOSTON PSYCHOLOGICAL T                                                                                       1-800-304-9856 TRN: 3346276382TC",-46.56,ACH_DEBIT,54973.04,,
DEBIT,11/29/2024,"ORIG CO NAME:PAY PLUS               ORIG ID:5452579291 DESC DATE:241127 CO ENTRY DESCR:ACHTrans  SEC:CCD    TRACE#:101000690029995 EED:241129   IND ID:45642555                     IND NAME:Default debit account      FeeTransfer REF#45642555                                                          PPSACCOUNT TRN: 3340029995TC",-20.61,ACH_DEBIT,55019.60,,
CREDIT,11/29/2024,"ORIG CO NAME:EASYPAY                ORIG ID:1340797057 DESC DATE:241127 CO ENTRY DESCR:INSTFUNDINSEC:CCD    TRACE#:041001039693106 EED:241129   IND ID:896246463880                 IND NAME:BOODAH INC TRN: 3349693106TC",55.00,ACH_CREDIT,55040.21,,
CREDIT,11/29/2024,"ORIG CO NAME:PAY PLUS               ORIG ID:9391995276 DESC DATE:241129 CO ENTRY DESCR:HCCLAIMPMTSEC:CCD    TRACE#:021000020184211 EED:241129   IND ID:825169916                    IND NAME:COLLEEN LONG GALLACCHI     TRN*1*581645028*1391995276\                                                       PPSACCOUNT TRN: 3340184211TC",80.52,ACH_CREDIT,54985.21,,
CREDIT,11/29/2024,"ORIG CO NAME:AETNA A04              ORIG ID:1066033492 DESC DATE:       CO ENTRY DESCR:HCCLAIMPMTSEC:CCD    TRACE#:031100209438298 EED:241129   IND ID:1104390525                   IND NAME:BOODAH INC                 TRN*1*824330000252441*1066033492\ TRN: 3349438298TC",117.88,ACH_CREDIT,54904.69,,
CREDIT,11/29/2024,"ORIG CO NAME:Tufts Associated       ORIG ID:1042918943 DESC DATE:241127 CO ENTRY DESCR:HCCLAIMPMTSEC:CCD    TRACE#:011500122773417 EED:241129   IND ID:                             IND NAME:BOODAH, INC                TRN*1*006139630*1042918943\ TRN: 3342773417TC",149.98,ACH_CREDIT,54786.81,,
CREDIT,11/29/2024,"ORIG CO NAME:Medica                 ORIG ID:1111194265 DESC DATE:       CO ENTRY DESCR:HCCLAIMPMTSEC:CCD    TRACE#:124384872671414 EED:241129   IND ID:825169916                    IND NAME:Boodah Inc                 TRN*1*11165885848*1411490988*000094 265\ TRN: 3342671414TC",166.96,ACH_CREDIT,54636.83,,
CREDIT,11/29/2024,"ORIG CO NAME:UNITEDHEALTHCARE       ORIG ID:1411289245 DESC DATE:       CO ENTRY DESCR:HCCLAIMPMTSEC:CCD    TRACE#:124384872675006 EED:241129   IND ID:825169916                    IND NAME:Boodah Inc                 TRN*1*W305377331*1411289245*0000877 26\ TRN: 3342675006TC",313.33,ACH_CREDIT,54469.87,,
CREDIT,11/29/2024,"ORIG CO NAME:EASYPAY                ORIG ID:1340797057 DESC DATE:241128 CO ENTRY DESCR:INSTFUNDINSEC:CCD    TRACE#:041001036276000 EED:241129   IND ID:896246463880                 IND NAME:BOODAH INC TRN: 3346276000TC",1553.79,ACH_CREDIT,54156.54,,
CREDIT,11/29/2024,"ORIG CO NAME:Carelon Behav Z        ORIG ID:2043324848 DESC DATE:241127 CO ENTRY DESCR:HCCLAIMPMTSEC:CCD    TRACE#:011500120584587 EED:241129   IND ID:                             IND NAME:BOODAH INC                 TRN*1*8018744*1043324848\ TRN: 3340584587TC",2071.94,ACH_CREDIT,52602.75,,
CREDIT,11/29/2024,"ORIG CO NAME:AETNA AS01             ORIG ID:1066033492 DESC DATE:       CO ENTRY DESCR:HCCLAIMPMTSEC:CCD    TRACE#:051000019249700 EED:241129   IND ID:1104390525                   IND NAME:BOODAH INC                 TRN*1*824330000252440*1066033492\ TRN: 3349249700TC",3533.81,ACH_CREDIT,50530.81,,
DEBIT,11/27/2024,"ORIG CO NAME:KEY MERCHANT SVS       ORIG ID:2580215200 DESC DATE:241126 CO ENTRY DESCR:DISCOUNT  SEC:CCD    TRACE#:041001033502036 EED:241127   IND ID:896246463880                 IND NAME:BOSTON PSYCHOLOGICAL T                                                                                       1-800-304-9856 TRN: 3323502036TC",-2.20,ACH_DEBIT,46997.00,,
DEBIT,11/27/2024,"ORIG CO NAME:PAY PLUS               ORIG ID:5452579291 DESC DATE:241126 CO ENTRY DESCR:ACHTrans  SEC:CCD    TRACE#:101000693101197 EED:241127   IND ID:45380998                     IND NAME:Default debit account      FeeTransfer REF#45380998                                                          PPSACCOUNT TRN: 3323101197TC",-2.66,ACH_DEBIT,46999.20,,
DEBIT,11/27/2024,"ORIG CO NAME:PAYPAL                 ORIG ID:PAYPALSI77 DESC DATE:241126 CO ENTRY DESCR:INST XFER SEC:WEB    TRACE#:091000012942429 EED:241127   IND ID:DISNEY PLUS                  IND NAME:BOODAH  INC                                                                                                  INSTANT TRANSFER TRN: 3322942429TC",-19.99,MISC_DEBIT,47001.86,,
DEBIT,11/27/2024,"ORIG CO NAME:PAYPAL                 ORIG ID:PAYPALSI77 DESC DATE:241126 CO ENTRY DESCR:INST XFER SEC:WEB    TRACE#:091000013785502 EED:241127   IND ID:WALMART COM                  IND NAME:BOODAH  INC                                                                                                  INSTANT TRANSFER TRN: 3323785502TC",-89.27,MISC_DEBIT,47021.85,,
DEBIT,11/27/2024,"ORIG CO NAME:PAYPAL                 ORIG ID:PAYPALSI77 DESC DATE:241126 CO ENTRY DESCR:INST XFER SEC:WEB    TRACE#:091000013816861 EED:241127   IND ID:WALMART COM                  IND NAME:BOODAH  INC                                                                                                  INSTANT TRANSFER TRN: 3323816861TC",-169.46,MISC_DEBIT,47111.12,,
DEBIT,11/27/2024,"ORIG CO NAME:IRS                    ORIG ID:3387702000 DESC DATE:112724 CO ENTRY DESCR:USATAXPYMTSEC:CCD    TRACE#:061036013383704 EED:241127   IND ID:227473266038232              IND NAME:BOODAH INC TRN: 3323383704TC",-11053.92,ACH_DEBIT,47280.58,,
CREDIT,11/27/2024,"ORIG CO NAME:PAYPAL                 ORIG ID:PAYPALSD11 DESC DATE:241126 CO ENTRY DESCR:TRANSFER  SEC:PPD    TRACE#:091000013530242 EED:241127   IND ID:                             IND NAME:BOODAH  INC TRN: 3323530242TC",1.00,MISC_CREDIT,58334.50,,
CREDIT,11/27/2024,"ORIG CO NAME:PAYPAL                 ORIG ID:PAYPALSD11 DESC DATE:241126 CO ENTRY DESCR:TRANSFER  SEC:PPD    TRACE#:091000013387096 EED:241127   IND ID:                             IND NAME:BOODAH  INC TRN: 3323387096TC",1.60,MISC_CREDIT,58333.50,,
CREDIT,11/27/2024,"ORIG CO NAME:PAYPAL                 ORIG ID:PAYPALSD11 DESC DATE:241126 CO ENTRY DESCR:TRANSFER  SEC:PPD    TRACE#:091000013387093 EED:241127   IND ID:                             IND NAME:BOODAH  INC TRN: 3323387093TC",2.44,MISC_CREDIT,58331.90,,
CREDIT,11/27/2024,"ORIG CO NAME:PAYPAL                 ORIG ID:PAYPALSD11 DESC DATE:241126 CO ENTRY DESCR:TRANSFER  SEC:PPD    TRACE#:091000013386977 EED:241127   IND ID:                             IND NAME:BOODAH  INC TRN: 3323386977TC",5.59,MISC_CREDIT,58329.46,,
CREDIT,11/27/2024,"ORIG CO NAME:PAYPAL                 ORIG ID:PAYPALSD11 DESC DATE:241126 CO ENTRY DESCR:TRANSFER  SEC:PPD    TRACE#:091000013530239 EED:241127   IND ID:                             IND NAME:BOODAH  INC TRN: 3323530239TC",6.21,MISC_CREDIT,58323.87,,
CREDIT,11/27/2024,"ORIG CO NAME:HUMANA GOVT BUSI       ORIG ID:2610647538 DESC DATE:112524 CO ENTRY DESCR:HCCLAIMPMTSEC:CCD    TRACE#:111000029950200 EED:241127   IND ID:2237808562                   IND NAME:BOODAH INC                 TRN*1*2237808562*1611241225*WPSEAST   \ TRN: 3329950200TC",59.35,ACH_CREDIT,58317.66,,
CREDIT,11/27/2024,"ORIG CO NAME:CIGNA EDGE TRANS       ORIG ID:7026944582 DESC DATE:       CO ENTRY DESCR:HCCLAIMPMTSEC:CCD    TRACE#:242071753039992 EED:241127   IND ID:600100697134                 IND NAME:BOODAH INC                 TRN*1*600100697134*1591031071~                                                    HCCLAIMPMT TRN: 3323039992TC",83.00,ACH_CREDIT,58258.31,,
CREDIT,11/27/2024,"ORIG CO NAME:UnitedHealthcare       ORIG ID:1111187726 DESC DATE:       CO ENTRY DESCR:HCCLAIMPMTSEC:CCD    TRACE#:124384873444814 EED:241127   IND ID:825169916                    IND NAME:Boodah Inc                 TRN*1*S1739516*1411289245*000087726 \ TRN: 3323444814TC",88.00,ACH_CREDIT,58175.31,,
CREDIT,11/27/2024,"ORIG CO NAME:UNITED BEHAVIORA       ORIG ID:1805600001 DESC DATE:       CO ENTRY DESCR:HCCLAIMPMTSEC:CCD    TRACE#:124384873444386 EED:241127   IND ID:825169916                    IND NAME:Boodah Inc                 TRN*1*24327B1000012963*1411289245*0 00087726\ TRN: 3323444386TC",276.52,ACH_CREDIT,58087.31,,
CREDIT,11/27/2024,"ORIG CO NAME:PAY PLUS               ORIG ID:6452579291 DESC DATE:241127 CO ENTRY DESCR:HCCLAIMPMTSEC:CCD    TRACE#:101000693100206 EED:241127   IND ID:825169916                    IND NAME:COLLEEN LONG GALLACCHI     TRN*1*581586739*1042734278\                                                       PPSACCOUNT TRN: 3323100206TC",1084.51,ACH_CREDIT,57810.79,,
DEBIT,11/26/2024,"ORIG CO NAME:KEY MERCHANT SVS       ORIG ID:2580215200 DESC DATE:241125 CO ENTRY DESCR:FEE       SEC:CCD    TRACE#:041001033242696 EED:241126   IND ID:896246463880                 IND NAME:BOSTON PSYCHOLOGICAL T                                                                                       1-800-304-9856 TRN: 3313242696TC",-10.00,ACH_DEBIT,56726.28,,
DEBIT,11/26/2024,"ORIG CO NAME:PAYROLL                ORIG ID:1943345425 DESC DATE:241126 CO ENTRY DESCR:TAX       SEC:CCD    TRACE#:111000024017578 EED:241126   IND ID:9683333                      IND NAME:BOODAH INC- BOSTON PSY TRN: 3314017578TC",-172.73,ACH_DEBIT,56736.28,,
DEBIT,11/26/2024,"ORIG CO NAME:ANTHEM BLUE I01O       ORIG ID:CP35214571 DESC DATE:       CO ENTRY DESCR:CORP PYMT SEC:CCD    TRACE#:111000020218079 EED:241126   IND ID:FL00625556                   IND NAME:CLARITY CALIFORNIA PSY                                                                                       EDI PAYMENT TRN: 3310218079TC",-6732.61,ACH_DEBIT,56909.01,,
CREDIT,11/26/2024,"ORIG CO NAME:UNITED BEHAVIORA       ORIG ID:1805600008 DESC DATE:       CO ENTRY DESCR:HCCLAIMPMTSEC:CCD    TRACE#:124384872057457 EED:241126   IND ID:825169916                    IND NAME:Boodah Inc                 TRN*1*C6363999*1411289245*000087726 \ TRN: 3312057457TC",88.00,ACH_CREDIT,63641.62,,
CREDIT,11/26/2024,"ORIG CO NAME:PAY PLUS               ORIG ID:6452579291 DESC DATE:241126 CO ENTRY DESCR:HCCLAIMPMTSEC:CCD    TRACE#:101000690611938 EED:241126   IND ID:825169916                    IND NAME:COLLEEN LONG GALLACCHI     TRN*1*580849214*1042734278\                                                       PPSACCOUNT TRN: 3310611938TC",139.98,ACH_CREDIT,63553.62,,
CREDIT,11/26/2024,"ORIG CO NAME:STUDENT RESOURCE       ORIG ID:1742270442 DESC DATE:       CO ENTRY DESCR:HCCLAIMPMTSEC:CCD    TRACE#:124384872140597 EED:241126   IND ID:825169916                    IND NAME:Boodah Inc                 TRN*1*001046171*1742270442*00007422 7\ TRN: 3312140597TC",191.96,ACH_CREDIT,63413.64,,
CREDIT,11/26/2024,"ORIG CO NAME:KEY MERCHANT SVS       ORIG ID:2580215200 DESC DATE:241125 CO ENTRY DESCR:CHARGEBACKSEC:CCD    TRACE#:041001033242680 EED:241126   IND ID:896246463880                 IND NAME:BOSTON PSYCHOLOGICAL T                                                                                       1-800-304-9856 TRN: 3313242680TC",350.00,ACH_CREDIT,63221.68,,
DEBIT,11/25/2024,"ORIG CO NAME:KEY MERCHANT SVS       ORIG ID:2580215200 DESC DATE:241123 CO ENTRY DESCR:DISCOUNT  SEC:CCD    TRACE#:041001035608654 EED:241125   IND ID:896246463880                 IND NAME:BOSTON PSYCHOLOGICAL T                                                                                       1-800-304-9856 TRN: 3305608654TC",-0.88,ACH_DEBIT,62871.68,,
DEBIT,11/25/2024,"ORIG CO NAME:KEY MERCHANT SVS       ORIG ID:2580215200 DESC DATE:241123 CO ENTRY DESCR:FEE       SEC:CCD    TRACE#:041001035608658 EED:241125   IND ID:896246463880                 IND NAME:BOSTON PSYCHOLOGICAL T                                                                                       1-800-304-9856 TRN: 3305608658TC",-10.00,ACH_DEBIT,62872.56,,
DEBIT,11/25/2024,"ORIG CO NAME:KEY MERCHANT SVS       ORIG ID:2580215200 DESC DATE:241123 CO ENTRY DESCR:CHARGEBACKSEC:CCD    TRACE#:041001035608656 EED:241125   IND ID:896246463880                 IND NAME:BOSTON PSYCHOLOGICAL T                                                                                       1-800-304-9856 TRN: 3305608656TC",-20.00,ACH_DEBIT,62882.56,,
DEBIT,11/25/2024,"ORIG CO NAME:KEY MERCHANT SVS       ORIG ID:2580215200 DESC DATE:241122 CO ENTRY DESCR:DISCOUNT  SEC:CCD    TRACE#:041001035608660 EED:241125   IND ID:896246463880                 IND NAME:BOSTON PSYCHOLOGICAL T                                                                                       1-800-304-9856 TRN: 3305608660TC",-28.13,ACH_DEBIT,62902.56,,
DEBIT,11/25/2024,"ORIG CO NAME:PAYPAL                 ORIG ID:PAYPALSI77 DESC DATE:241124 CO ENTRY DESCR:INST XFER SEC:WEB    TRACE#:091000014516305 EED:241125   IND ID:NETFLIX.COM                  IND NAME:BOODAH  INC                                                                                                  INSTANT TRANSFER TRN: 3304516305TC",-22.99,MISC_DEBIT,62930.69,,
DEBIT,11/25/2024,"Online Payment 22580127509 To Bus Rev Crdt 4002 11/25",-5625.00,LOAN_PMT,62953.68,,
DEBIT,11/25/2024,"ORIG CO NAME:PAYPAL                 ORIG ID:PAYPALSI77 DESC DATE:241123 CO ENTRY DESCR:INST XFER SEC:WEB    TRACE#:091000015628422 EED:241125   IND ID:1038429782410                IND NAME:BOODAH  INC                                                                                                  INSTANT TRANSFER TRN: 3305628422TC",-500.00,MISC_DEBIT,68578.68,,
DEBIT,11/25/2024,"ORIG CO NAME:ADVS ED SERV PPD       ORIG ID:9102001101 DESC DATE:241122 CO ENTRY DESCR:STUDNTLOANSEC:PPD    TRACE#:041036040974203 EED:241125   IND ID:                             IND NAME:COLLEEN F GALLICCHIO TRN: 3300974203TC",-483.42,ACH_DEBIT,69078.68,,
CREDIT,11/25/2024,"ORIG CO NAME:EASYPAY                ORIG ID:1340797057 DESC DATE:241124 CO ENTRY DESCR:INSTFUNDINSEC:CCD    TRACE#:041001035608636 EED:241125   IND ID:896246463880                 IND NAME:BOODAH INC TRN: 3305608636TC",20.00,ACH_CREDIT,69562.10,,
CREDIT,11/25/2024,"ORIG CO NAME:COMM OF MASS           ORIG ID:A046002284 DESC DATE:241122 CO ENTRY DESCR:HCCLAIMPMTSEC:CCD    TRACE#:022000046994552 EED:241125   IND ID:VC0001203281                 IND NAME:BOODAH INC                 TRN*1*0000327I4004039*1046002284*10 6079431\                                      TREVENDOR TRN: 3306994552TC",136.38,ACH_CREDIT,69542.10,,
CREDIT,11/25/2024,"ORIG CO NAME:HUMANA GOVT BUSI       ORIG ID:3611241225 DESC DATE:112124 CO ENTRY DESCR:HCCLAIMPMTSEC:CCD    TRACE#:111000029176806 EED:241125   IND ID:5000533999                   IND NAME:BOODAH INC                 TRN*1*5000533999*1611241225*WPSEAST   \ TRN: 3309176806TC",176.09,ACH_CREDIT,69405.72,,
CREDIT,11/25/2024,"ORIG CO NAME:EASYPAY                ORIG ID:1340797057 DESC DATE:241122 CO ENTRY DESCR:INSTFUNDINSEC:CCD    TRACE#:041001031497091 EED:241125   IND ID:896246463880                 IND NAME:BOODAH INC TRN: 3301497091TC",285.00,ACH_CREDIT,69229.63,,
CREDIT,11/25/2024,"ORIG CO NAME:EASYPAY                ORIG ID:1340797057 DESC DATE:241123 CO ENTRY DESCR:INSTFUNDINSEC:CCD    TRACE#:041001035608629 EED:241125   IND ID:896246463880                 IND NAME:BOODAH INC TRN: 3305608629TC",959.69,ACH_CREDIT,68944.63,,
CREDIT,11/25/2024,"ORIG CO NAME:CIGNA EDGE TRANS       ORIG ID:7026944582 DESC DATE:       CO ENTRY DESCR:HCCLAIMPMTSEC:CCD    TRACE#:242071750631689 EED:241125   IND ID:601100703018                 IND NAME:BOODAH INC                 TRN*1*601100703018*1591031071~                                                    HCCLAIMPMT TRN: 3300631689TC",1277.00,ACH_CREDIT,67984.94,,
DEBIT,11/22/2024,"ORIG CO NAME:CAPITAL ONE            ORIG ID:9541719318 DESC DATE:241122 CO ENTRY DESCR:CRCARDPMT SEC:CCD    TRACE#:021000026833237 EED:241122   IND ID:3YM180DI4VBGKJK              IND NAME:COLLEEN GALLICCHIO TRN: 3276833237TC",-3978.33,ACH_DEBIT,66707.94,,
DEBIT,11/22/2024,"ORIG CO NAME:KEY MERCHANT SVS       ORIG ID:2580215200 DESC DATE:241121 CO ENTRY DESCR:DISCOUNT  SEC:CCD    TRACE#:041001031656000 EED:241122   IND ID:896246463880                 IND NAME:BOSTON PSYCHOLOGICAL T                                                                                       1-800-304-9856 TRN: 3271656000TC",-8.87,ACH_DEBIT,70686.27,,
DEBIT,11/22/2024,"ORIG CO NAME:PAYROLL                ORIG ID:4462800242 DESC DATE:241122 CO ENTRY DESCR:PAYROLL   SEC:CCD    TRACE#:111000022653169 EED:241122   IND ID:9683333                      IND NAME:BOODAH INC TRN: 3272653169TC",-186.60,ACH_DEBIT,70695.14,,
DEBIT,11/22/2024,"ORIG CO NAME:PAYROLL                ORIG ID:4462800242 DESC DATE:241122 CO ENTRY DESCR:PAYROLL   SEC:CCD    TRACE#:111000022653168 EED:241122   IND ID:9683333                      IND NAME:BOODAH INC TRN: 3272653168TC",-213.50,ACH_DEBIT,70881.74,,
DEBIT,11/22/2024,"ORIG CO NAME:PAYROLL                ORIG ID:4462800242 DESC DATE:241122 CO ENTRY DESCR:PAYROLL   SEC:CCD    TRACE#:111000022653166 EED:241122   IND ID:9683333                      IND NAME:BOODAH INC TRN: 3272653166TC",-257.14,ACH_DEBIT,71095.24,,
DEBIT,11/22/2024,"ORIG CO NAME:PAYROLL                ORIG ID:4462800242 DESC DATE:241122 CO ENTRY DESCR:PAYROLL   SEC:CCD    TRACE#:111000022653162 EED:241122   IND ID:9683333                      IND NAME:BOODAH INC TRN: 3272653162TC",-265.00,ACH_DEBIT,71352.38,,
DEBIT,11/22/2024,"ORIG CO NAME:INTUIT 44547967        ORIG ID:4462800242 DESC DATE:241122 CO ENTRY DESCR:PAYROLL   SEC:CCD    TRACE#:111000022652172 EED:241122   IND ID:9683333                      IND NAME:BOODAH INC- BOSTON PSY TRN: 3272652172TC",-315.01,ACH_DEBIT,71617.38,,
DEBIT,11/22/2024,"ORIG CO NAME:PAYROLL                ORIG ID:4462800242 DESC DATE:241122 CO ENTRY DESCR:PAYROLL   SEC:CCD    TRACE#:111000022653165 EED:241122   IND ID:9683333                      IND NAME:BOODAH INC TRN: 3272653165TC",-350.40,ACH_DEBIT,71932.39,,
DEBIT,11/22/2024,"ORIG CO NAME:PAYROLL                ORIG ID:4462800242 DESC DATE:241122 CO ENTRY DESCR:PAYROLL   SEC:CCD    TRACE#:111000022653170 EED:241122   IND ID:9683333                      IND NAME:BOODAH INC TRN: 3272653170TC",-535.50,ACH_DEBIT,72282.79,,
DEBIT,11/22/2024,"ORIG CO NAME:INTUIT 45052826        ORIG ID:4462800242 DESC DATE:241122 CO ENTRY DESCR:PAYROLL   SEC:CCD    TRACE#:111000022651003 EED:241122   IND ID:9683333                      IND NAME:BOODAH INC- BOSTON PSY TRN: 3272651003TC",-584.43,ACH_DEBIT,72818.29,,
DEBIT,11/22/2024,"ORIG CO NAME:PAYROLL                ORIG ID:4462800242 DESC DATE:241122 CO ENTRY DESCR:PAYROLL   SEC:CCD    TRACE#:111000022653171 EED:241122   IND ID:9683333                      IND NAME:BOODAH INC TRN: 3272653171TC",-604.00,ACH_DEBIT,73402.72,,
DEBIT,11/22/2024,"ORIG CO NAME:INTUIT 44547967        ORIG ID:4462800242 DESC DATE:241122 CO ENTRY DESCR:PAYROLL   SEC:CCD    TRACE#:111000022652175 EED:241122   IND ID:9683333                      IND NAME:BOODAH INC- BOSTON PSY TRN: 3272652175TC",-715.50,ACH_DEBIT,74006.72,,
DEBIT,11/22/2024,"ORIG CO NAME:PAYROLL                ORIG ID:4462800242 DESC DATE:241122 CO ENTRY DESCR:PAYROLL   SEC:CCD    TRACE#:111000022653164 EED:241122   IND ID:9683333                      IND NAME:BOODAH INC TRN: 3272653164TC",-818.13,ACH_DEBIT,74722.22,,
DEBIT,11/22/2024,"ORIG CO NAME:PAYROLL                ORIG ID:4462800242 DESC DATE:241122 CO ENTRY DESCR:PAYROLL   SEC:CCD    TRACE#:111000022653167 EED:241122   IND ID:9683333                      IND NAME:BOODAH INC TRN: 3272653167TC",-931.51,ACH_DEBIT,75540.35,,
DEBIT,11/22/2024,"ORIG CO NAME:INTUIT 44547967        ORIG ID:4462800242 DESC DATE:241122 CO ENTRY DESCR:PAYROLL   SEC:CCD    TRACE#:111000022652176 EED:241122   IND ID:9683333                      IND NAME:BOODAH INC- BOSTON PSY TRN: 3272652176TC",-945.53,ACH_DEBIT,76471.86,,
DEBIT,11/22/2024,"ORIG CO NAME:INTUIT 44547967        ORIG ID:4462800242 DESC DATE:241122 CO ENTRY DESCR:PAYROLL   SEC:CCD    TRACE#:111000022652177 EED:241122   IND ID:9683333                      IND NAME:BOODAH INC- BOSTON PSY TRN: 3272652177TC",-1004.15,ACH_DEBIT,77417.39,,
DEBIT,11/22/2024,"ORIG CO NAME:PAYROLL                ORIG ID:4462800242 DESC DATE:241122 CO ENTRY DESCR:PAYROLL   SEC:CCD    TRACE#:111000022653161 EED:241122   IND ID:9683333                      IND NAME:BOODAH INC TRN: 3272653161TC",-1122.86,ACH_DEBIT,78421.54,,
DEBIT,11/22/2024,"ORIG CO NAME:INTUIT 45052826        ORIG ID:4462800242 DESC DATE:241122 CO ENTRY DESCR:PAYROLL   SEC:CCD    TRACE#:111000022651006 EED:241122   IND ID:9683333                      IND NAME:BOODAH INC- BOSTON PSY TRN: 3272651006TC",-1169.44,ACH_DEBIT,79544.40,,
DEBIT,11/22/2024,"ORIG CO NAME:INTUIT 45052826        ORIG ID:4462800242 DESC DATE:241122 CO ENTRY DESCR:PAYROLL   SEC:CCD    TRACE#:111000022651005 EED:241122   IND ID:9683333                      IND NAME:BOODAH INC- BOSTON PSY TRN: 3272651005TC",-1169.45,ACH_DEBIT,80713.84,,
DEBIT,11/22/2024,"ORIG CO NAME:INTUIT 45052826        ORIG ID:4462800242 DESC DATE:241122 CO ENTRY DESCR:PAYROLL   SEC:CCD    TRACE#:111000022651002 EED:241122   IND ID:9683333                      IND NAME:BOODAH INC- BOSTON PSY TRN: 3272651002TC",-1170.53,ACH_DEBIT,81883.29,,
DEBIT,11/22/2024,"ORIG CO NAME:INTUIT 44547967        ORIG ID:4462800242 DESC DATE:241122 CO ENTRY DESCR:PAYROLL   SEC:CCD    TRACE#:111000022652164 EED:241122   IND ID:9683333                      IND NAME:BOODAH INC- BOSTON PSY TRN: 3272652164TC",-1232.85,ACH_DEBIT,83053.82,,
DEBIT,11/22/2024,"ORIG CO NAME:INTUIT 44547967        ORIG ID:4462800242 DESC DATE:241122 CO ENTRY DESCR:PAYROLL   SEC:CCD    TRACE#:111000022652166 EED:241122   IND ID:9683333                      IND NAME:BOODAH INC- BOSTON PSY TRN: 3272652166TC",-1287.25,ACH_DEBIT,84286.67,,
DEBIT,11/22/2024,"ORIG CO NAME:INTUIT 45052826        ORIG ID:4462800242 DESC DATE:241122 CO ENTRY DESCR:PAYROLL   SEC:CCD    TRACE#:111000022651004 EED:241122   IND ID:9683333                      IND NAME:BOODAH INC- BOSTON PSY TRN: 3272651004TC",-1363.66,ACH_DEBIT,85573.92,,
DEBIT,11/22/2024,"ORIG CO NAME:PAYROLL                ORIG ID:4462800242 DESC DATE:241122 CO ENTRY DESCR:PAYROLL   SEC:CCD    TRACE#:111000022653163 EED:241122   IND ID:9683333                      IND NAME:BOODAH INC TRN: 3272653163TC",-1452.91,ACH_DEBIT,86937.58,,
DEBIT,11/22/2024,"ORIG CO NAME:INTUIT 44547967        ORIG ID:4462800242 DESC DATE:241122 CO ENTRY DESCR:PAYROLL   SEC:CCD    TRACE#:111000022652167 EED:241122   IND ID:9683333                      IND NAME:BOODAH INC- BOSTON PSY TRN: 3272652167TC",-1528.50,ACH_DEBIT,88390.49,,
DEBIT,11/22/2024,"ORIG CO NAME:INTUIT 45064240        ORIG ID:4462800242 DESC DATE:241122 CO ENTRY DESCR:PAYROLL   SEC:CCD    TRACE#:111000022664530 EED:241122   IND ID:9683333                      IND NAME:BOODAH INC- BOSTON PSY TRN: 3272664530TC",-1654.52,ACH_DEBIT,89918.99,,
DEBIT,11/22/2024,"ORIG CO NAME:INTUIT 44547967        ORIG ID:4462800242 DESC DATE:241122 CO ENTRY DESCR:PAYROLL   SEC:CCD    TRACE#:111000022652168 EED:241122   IND ID:9683333                      IND NAME:BOODAH INC- BOSTON PSY TRN: 3272652168TC",-1697.53,ACH_DEBIT,91573.51,,
DEBIT,11/22/2024,"ORIG CO NAME:INTUIT 45052826        ORIG ID:4462800242 DESC DATE:241122 CO ENTRY DESCR:PAYROLL   SEC:CCD    TRACE#:111000022651007 EED:241122   IND ID:9683333                      IND NAME:BOODAH INC- BOSTON PSY TRN: 3272651007TC",-1727.82,ACH_DEBIT,93271.04,,
DEBIT,11/22/2024,"ORIG CO NAME:INTUIT 44547967        ORIG ID:4462800242 DESC DATE:241122 CO ENTRY DESCR:PAYROLL   SEC:CCD    TRACE#:111000022652169 EED:241122   IND ID:9683333                      IND NAME:BOODAH INC- BOSTON PSY TRN: 3272652169TC",-1928.76,ACH_DEBIT,94998.86,,
DEBIT,11/22/2024,"ORIG CO NAME:INTUIT 44547967        ORIG ID:4462800242 DESC DATE:241122 CO ENTRY DESCR:PAYROLL   SEC:CCD    TRACE#:111000022652171 EED:241122   IND ID:9683333                      IND NAME:BOODAH INC- BOSTON PSY TRN: 3272652171TC",-1970.47,ACH_DEBIT,96927.62,,
DEBIT,11/22/2024,"ORIG CO NAME:INTUIT 44547967        ORIG ID:4462800242 DESC DATE:241122 CO ENTRY DESCR:PAYROLL   SEC:CCD    TRACE#:111000022652174 EED:241122   IND ID:9683333                      IND NAME:BOODAH INC- BOSTON PSY TRN: 3272652174TC",-2046.00,ACH_DEBIT,98898.09,,
DEBIT,11/22/2024,"ORIG CO NAME:INTUIT 44547967        ORIG ID:4462800242 DESC DATE:241122 CO ENTRY DESCR:PAYROLL   SEC:CCD    TRACE#:111000022652173 EED:241122   IND ID:9683333                      IND NAME:BOODAH INC- BOSTON PSY TRN: 3272652173TC",-2093.21,ACH_DEBIT,100944.09,,
DEBIT,11/22/2024,"ORIG CO NAME:INTUIT 44547967        ORIG ID:4462800242 DESC DATE:241122 CO ENTRY DESCR:PAYROLL   SEC:CCD    TRACE#:111000022652170 EED:241122   IND ID:9683333                      IND NAME:BOODAH INC- BOSTON PSY TRN: 3272652170TC",-2240.65,ACH_DEBIT,103037.30,,
DEBIT,11/22/2024,"ORIG CO NAME:INTUIT 44547967        ORIG ID:4462800242 DESC DATE:241122 CO ENTRY DESCR:PAYROLL   SEC:CCD    TRACE#:111000022652165 EED:241122   IND ID:9683333                      IND NAME:BOODAH INC- BOSTON PSY TRN: 3272652165TC",-3019.56,ACH_DEBIT,105277.95,,
DEBIT,11/22/2024,"ORIG CO NAME:INTUIT 44547967        ORIG ID:4462800242 DESC DATE:241122 CO ENTRY DESCR:PAYROLL   SEC:CCD    TRACE#:111000022652178 EED:241122   IND ID:9683333                      IND NAME:BOODAH INC- BOSTON PSY TRN: 3272652178TC",-4865.67,ACH_DEBIT,108297.51,,
DEBIT,11/22/2024,"ORIG CO NAME:PAY PLUS               ORIG ID:5452579291 DESC DATE:241121 CO ENTRY DESCR:ACHTrans  SEC:CCD    TRACE#:101000690071755 EED:241122   IND ID:44876998                     IND NAME:Default debit account      FeeTransfer REF#44876998                                                          PPSACCOUNT TRN: 3270071755TC",-2.85,ACH_DEBIT,113163.18,,
CREDIT,11/22/2024,"ORIG CO NAME:HUMANA GOVT BUSI       ORIG ID:2610647538 DESC DATE:112024 CO ENTRY DESCR:HCCLAIMPMTSEC:CCD    TRACE#:111000024967325 EED:241122   IND ID:2237709227                   IND NAME:BOODAH INC                 TRN*1*2237709227*1611241225*WPSEAST   \ TRN: 3274967325TC",79.14,ACH_CREDIT,113166.03,,
CREDIT,11/22/2024,"ORIG CO NAME:UNITED BEHAVIORA       ORIG ID:1805600001 DESC DATE:       CO ENTRY DESCR:HCCLAIMPMTSEC:CCD    TRACE#:124384873567979 EED:241122   IND ID:825169916                    IND NAME:Boodah Inc                 TRN*1*24324B1000017861*1411289245*0 00087726\ TRN: 3273567979TC",122.09,ACH_CREDIT,113086.89,,
CREDIT,11/22/2024,"ORIG CO NAME:UnitedHealthcare       ORIG ID:1780000000 DESC DATE:       CO ENTRY DESCR:HCCLAIMPMTSEC:CCD    TRACE#:124384873567358 EED:241122   IND ID:825169916                    IND NAME:Boodah Inc                 TRN*1*UH4870000019924154090506*1391 995276*0000UMR01\ TRN: 3273567358TC",136.57,ACH_CREDIT,112964.80,,
CREDIT,11/22/2024,"ORIG CO NAME:UNITED BEHAVIORA       ORIG ID:1805600001 DESC DATE:       CO ENTRY DESCR:HCCLAIMPMTSEC:CCD    TRACE#:124384873567655 EED:241122   IND ID:825169916                    IND NAME:Boodah Inc                 TRN*1*24324B1000017686*1411289245*0 00087726\ TRN: 3273567655TC",144.42,ACH_CREDIT,112828.23,,
CREDIT,11/22/2024,"ORIG CO NAME:UNITED BEHAVIORA       ORIG ID:1805600001 DESC DATE:       CO ENTRY DESCR:HCCLAIMPMTSEC:CCD    TRACE#:124384873567831 EED:241122   IND ID:825169916                    IND NAME:Boodah Inc                 TRN*1*24324B1000020979*1411289245*0 00087726\ TRN: 3273567831TC",1185.28,ACH_CREDIT,112683.81,,
CREDIT,11/22/2024,"ORIG CO NAME:WELLPOINT 05C          ORIG ID:0365BA293A DESC DATE:       CO ENTRY DESCR:HCCLAIMPMTSEC:CCD    TRACE#:111000025128855 EED:241122   IND ID:3256974648                   IND NAME:BOODAH  INC                TRN*1*3256974648*1520913817\                                                      EDI PAYMENT TRN: 3275128855TC",1908.39,ACH_CREDIT,111498.53,,
DEBIT,11/21/2024,"Online Payment 22488703963 To Cynthia Pearson 11/21",-450.00,BILLPAY,109590.14,,
DEBIT,11/21/2024,"Online Payment 22488462897 To Pacific Realty Trust 11/21",-978.00,BILLPAY,110040.14,,
DEBIT,11/21/2024,"ORIG CO NAME:PAY PLUS               ORIG ID:5452579291 DESC DATE:241120 CO ENTRY DESCR:ACHTrans  SEC:CCD    TRACE#:101000694506032 EED:241121   IND ID:44631114                     IND NAME:Default debit account      FeeTransfer REF#44631114                                                          PPSACCOUNT TRN: 3264506032TC",-3.04,ACH_DEBIT,111018.14,,
CREDIT,11/21/2024,"ORIG CO NAME:EASYPAY                ORIG ID:1340797057 DESC DATE:241120 CO ENTRY DESCR:INSTFUNDINSEC:CCD    TRACE#:041001034608441 EED:241121   IND ID:896246463880                 IND NAME:BOODAH INC TRN: 3264608441TC",35.00,ACH_CREDIT,111021.18,,
CREDIT,11/21/2024,"ORIG CO NAME:AETNA A04              ORIG ID:1066033492 DESC DATE:       CO ENTRY DESCR:HCCLAIMPMTSEC:CCD    TRACE#:031100208089395 EED:241121   IND ID:1104390525                   IND NAME:BOODAH INC                 TRN*1*824323000038041*1066033492\ TRN: 3268089395TC",42.07,ACH_CREDIT,110986.18,,
CREDIT,11/21/2024,"ORIG CO NAME:UNITED BEHAVIORA       ORIG ID:1805600001 DESC DATE:       CO ENTRY DESCR:HCCLAIMPMTSEC:CCD    TRACE#:124384877134151 EED:241121   IND ID:825169916                    IND NAME:Boodah Inc                 TRN*1*24321B1000031966*1411289245*0 00087726\ TRN: 3267134151TC",131.57,ACH_CREDIT,110944.11,,
CREDIT,11/21/2024,"ORIG CO NAME:UNITED BEHAVIORA       ORIG ID:1805600001 DESC DATE:       CO ENTRY DESCR:HCCLAIMPMTSEC:CCD    TRACE#:124384877133971 EED:241121   IND ID:825169916                    IND NAME:Boodah Inc                 TRN*1*24321B1000013673*1411289245*0 00087726\ TRN: 3267133971TC",136.57,ACH_CREDIT,110812.54,,
CREDIT,11/21/2024,"ORIG CO NAME:PAY PLUS               ORIG ID:6452579291 DESC DATE:241121 CO ENTRY DESCR:HCCLAIMPMTSEC:CCD    TRACE#:101000694505243 EED:241121   IND ID:825169916                    IND NAME:COLLEEN LONG GALLACCHI     TRN*1*577253569*1042734278\                                                       PPSACCOUNT TRN: 3264505243TC",149.98,ACH_CREDIT,110675.97,,
CREDIT,11/21/2024,"ORIG CO NAME:UNITED BEHAVIORA       ORIG ID:1805600001 DESC DATE:       CO ENTRY DESCR:HCCLAIMPMTSEC:CCD    TRACE#:124384877134127 EED:241121   IND ID:825169916                    IND NAME:Boodah Inc                 TRN*1*24321B1000015495*1411289245*0 00087726\ TRN: 3267134127TC",1185.28,ACH_CREDIT,110525.99,,
CREDIT,11/21/2024,"ORIG CO NAME:AETNA AS01             ORIG ID:1066033492 DESC DATE:       CO ENTRY DESCR:HCCLAIMPMTSEC:CCD    TRACE#:051000018120578 EED:241121   IND ID:1104390525                   IND NAME:BOODAH INC                 TRN*1*824323000038043*1066033492\ TRN: 3268120578TC",1840.74,ACH_CREDIT,109340.71,,
CREDIT,11/21/2024,"Online Transfer from BRC ...4002 transaction#: 22787219534",50000.00,MISC_CREDIT,107499.97,,
DEBIT,11/20/2024,"ORIG CO NAME:KEY MERCHANT SVS       ORIG ID:2580215200 DESC DATE:241119 CO ENTRY DESCR:DISCOUNT  SEC:CCD    TRACE#:041001030079537 EED:241120   IND ID:896246463880                 IND NAME:BOSTON PSYCHOLOGICAL T                                                                                       1-800-304-9856 TRN: 3250079537TC",-1.62,ACH_DEBIT,57499.97,,
CREDIT,11/20/2024,"ORIG CO NAME:HUMANA GOVT BUSI       ORIG ID:2610647538 DESC DATE:111824 CO ENTRY DESCR:HCCLAIMPMTSEC:CCD    TRACE#:111000026990454 EED:241120   IND ID:2237626205                   IND NAME:BOODAH INC                 TRN*1*2237626205*1611241225*WPSEAST   \ TRN: 3256990454TC",79.14,ACH_CREDIT,57501.59,,
CREDIT,11/20/2024,"ORIG CO NAME:CIGNA                  ORIG ID:9751677627 DESC DATE:111624 CO ENTRY DESCR:HCCLAIMPMTSEC:CCD    TRACE#:091000016950825 EED:241120   IND ID:825169916                    IND NAME:/BOODAH INC                TRN*1*241116090068341*1411648670\ TRN: 3256950825TC",97.00,ACH_CREDIT,57422.45,,
CREDIT,11/20/2024,"ORIG CO NAME:CIGNA                  ORIG ID:9751677627 DESC DATE:111624 CO ENTRY DESCR:HCCLAIMPMTSEC:CCD    TRACE#:091000016950827 EED:241120   IND ID:825169916                    IND NAME:/BOODAH INC                TRN*1*241116090068342*1591031071\ TRN: 3256950827TC",98.00,ACH_CREDIT,57325.45,,
CREDIT,11/20/2024,"ORIG CO NAME:UNITED BEHAVIORA       ORIG ID:1805600001 DESC DATE:       CO ENTRY DESCR:HCCLAIMPMTSEC:CCD    TRACE#:124384874364538 EED:241120   IND ID:825169916                    IND NAME:Boodah Inc                 TRN*1*24320B1000014089*1411289245*0 00087726\ TRN: 3254364538TC",157.83,ACH_CREDIT,57227.45,,
CREDIT,11/20/2024,"ORIG CO NAME:PAY PLUS               ORIG ID:6452579291 DESC DATE:241120 CO ENTRY DESCR:HCCLAIMPMTSEC:CCD    TRACE#:101000699172610 EED:241120   IND ID:825169916                    IND NAME:COLLEEN LONG GALLACCHI     TRN*1*577254611*1042734278\                                                       PPSACCOUNT TRN: 3259172610TC",159.98,ACH_CREDIT,57069.62,,
CREDIT,11/20/2024,"ORIG CO NAME:EASYPAY                ORIG ID:1340797057 DESC DATE:241119 CO ENTRY DESCR:INSTFUNDINSEC:CCD    TRACE#:041001039645282 EED:241120   IND ID:896246463880                 IND NAME:BOODAH INC TRN: 3259645282TC",521.86,ACH_CREDIT,56909.64,,
CREDIT,11/20/2024,"ORIG CO NAME:HUMANA GOVT BUSI       ORIG ID:3611241225 DESC DATE:111824 CO ENTRY DESCR:HCCLAIMPMTSEC:CCD    TRACE#:111000026980965 EED:241120   IND ID:5000482202                   IND NAME:BOODAH INC                 TRN*1*5000482202*1611241225*WPSEAST   \ TRN: 3256980965TC",1077.56,ACH_CREDIT,56387.78,,
DEBIT,11/19/2024,"ORIG CO NAME:KEY MERCHANT SVS       ORIG ID:2580215200 DESC DATE:241118 CO ENTRY DESCR:DISCOUNT  SEC:CCD    TRACE#:041001039725198 EED:241119   IND ID:896246463880                 IND NAME:BOSTON PSYCHOLOGICAL T                                                                                       1-800-304-9856 TRN: 3249725198TC",-17.23,ACH_DEBIT,55310.22,,
DEBIT,11/19/2024,"ORIG CO NAME:Qualifacts Syste       ORIG ID:0000512692 DESC DATE:       CO ENTRY DESCR:VSP*QualifSEC:CCD    TRACE#:096016935770657 EED:241119   IND ID:14645185                     IND NAME:Colleen Gallicchio                                                                                           6153866755 TRN: 3245770657TC",-555.00,ACH_DEBIT,55327.45,,
CREDIT,11/19/2024,"ORIG CO NAME:EASYPAY                ORIG ID:1340797057 DESC DATE:241118 CO ENTRY DESCR:INSTFUNDINSEC:CCD    TRACE#:041001030890424 EED:241119   IND ID:896246463880                 IND NAME:BOODAH INC TRN: 3240890424TC",100.00,ACH_CREDIT,55882.45,,
CREDIT,11/19/2024,"ORIG CO NAME:UNITED BEHAVIORA       ORIG ID:1805600001 DESC DATE:       CO ENTRY DESCR:HCCLAIMPMTSEC:CCD    TRACE#:124384870711480 EED:241119   IND ID:825169916                    IND NAME:Boodah Inc                 TRN*1*24319B1000012365*1411289245*0 00087726\ TRN: 3240711480TC",105.01,ACH_CREDIT,55782.45,,
CREDIT,11/19/2024,"ORIG CO NAME:UNITED BEHAVIORA       ORIG ID:1805600001 DESC DATE:       CO ENTRY DESCR:HCCLAIMPMTSEC:CCD    TRACE#:124384870711254 EED:241119   IND ID:825169916                    IND NAME:Boodah Inc                 TRN*1*24319B1000010776*1411289245*0 00087726\ TRN: 3240711254TC",122.09,ACH_CREDIT,55677.44,,
DEBIT,11/18/2024,"ORIG CO NAME:KEY MERCHANT SVS       ORIG ID:2580215200 DESC DATE:241116 CO ENTRY DESCR:DISCOUNT  SEC:CCD    TRACE#:041001034940905 EED:241118   IND ID:896246463880                 IND NAME:BOSTON PSYCHOLOGICAL T                                                                                       1-800-304-9856 TRN: 3234940905TC",-0.88,ACH_DEBIT,55555.35,,
DEBIT,11/18/2024,"ORIG CO NAME:KEY MERCHANT SVS       ORIG ID:2580215200 DESC DATE:241117 CO ENTRY DESCR:DISCOUNT  SEC:CCD    TRACE#:041001034940907 EED:241118   IND ID:896246463880                 IND NAME:BOSTON PSYCHOLOGICAL T                                                                                       1-800-304-9856 TRN: 3234940907TC",-3.20,ACH_DEBIT,55556.23,,
DEBIT,11/18/2024,"ORIG CO NAME:KEY MERCHANT SVS       ORIG ID:2580215200 DESC DATE:241115 CO ENTRY DESCR:DISCOUNT  SEC:CCD    TRACE#:041001034940902 EED:241118   IND ID:896246463880                 IND NAME:BOSTON PSYCHOLOGICAL T                                                                                       1-800-304-9856 TRN: 3234940902TC",-52.46,ACH_DEBIT,55559.43,,
DEBIT,11/18/2024,"ORIG CO NAME:PAY PLUS               ORIG ID:5452579291 DESC DATE:241115 CO ENTRY DESCR:ACHTrans  SEC:CCD    TRACE#:101000699613795 EED:241118   IND ID:44114911                     IND NAME:Default debit account      FeeTransfer REF#44114911                                                          PPSACCOUNT TRN: 3239613795TC",-2.89,ACH_DEBIT,55611.89,,
CREDIT,11/18/2024,"ORIG CO NAME:PaySpan                ORIG ID:2593259342 DESC DATE:241115 CO ENTRY DESCR:ACCTVERIFYSEC:PPD    TRACE#:053101129210578 EED:241118   IND ID:                             IND NAME:BOODAH INC, TRN: 3239210578TC",0.10,ACH_CREDIT,55614.78,,
CREDIT,11/18/2024,"ORIG CO NAME:UNITED BEHAVIORA       ORIG ID:1805600001 DESC DATE:       CO ENTRY DESCR:HCCLAIMPMTSEC:CCD    TRACE#:124384877436268 EED:241118   IND ID:825169916                    IND NAME:Boodah Inc                 TRN*1*24318B1000013316*1411289245*0 00087726\ TRN: 3237436268TC",16.00,ACH_CREDIT,55614.68,,
CREDIT,11/18/2024,"ORIG CO NAME:EASYPAY                ORIG ID:1340797057 DESC DATE:241117 CO ENTRY DESCR:INSTFUNDINSEC:CCD    TRACE#:041001034940884 EED:241118   IND ID:896246463880                 IND NAME:BOODAH INC TRN: 3234940884TC",20.00,ACH_CREDIT,55598.68,,
CREDIT,11/18/2024,"ORIG CO NAME:NGS, INC.              ORIG ID:I351840597 DESC DATE:241113 CO ENTRY DESCR:HCCLAIMPMTSEC:CCD    TRACE#:042000017701108 EED:241118   IND ID:1104390525                   IND NAME:BOODAH, INC                TRN*1*896072665*1351840597~                                                       MEDICARE B OF NE TRN: 3237701108TC",103.55,ACH_CREDIT,55578.68,,
CREDIT,11/18/2024,"ORIG CO NAME:CIGNA                  ORIG ID:9751677627 DESC DATE:111424 CO ENTRY DESCR:HCCLAIMPMTSEC:CCD    TRACE#:091000017020181 EED:241118   IND ID:825169916                    IND NAME:/BOODAH INC                TRN*1*241114090069341*1411648670\ TRN: 3237020181TC",180.00,ACH_CREDIT,55475.13,,
CREDIT,11/18/2024,"ORIG CO NAME:EASYPAY                ORIG ID:1340797057 DESC DATE:241115 CO ENTRY DESCR:INSTFUNDINSEC:CCD    TRACE#:041001035894332 EED:241118   IND ID:896246463880                 IND NAME:BOODAH INC TRN: 3235894332TC",489.04,ACH_CREDIT,55295.13,,
CREDIT,11/18/2024,"ORIG CO NAME:EASYPAY                ORIG ID:1340797057 DESC DATE:241116 CO ENTRY DESCR:INSTFUNDINSEC:CCD    TRACE#:041001034940875 EED:241118   IND ID:896246463880                 IND NAME:BOODAH INC TRN: 3234940875TC",1270.83,ACH_CREDIT,54806.09,,
DEBIT,11/15/2024,"ORIG CO NAME:KEY MERCHANT SVS       ORIG ID:2580215200 DESC DATE:241114 CO ENTRY DESCR:DISCOUNT  SEC:CCD    TRACE#:041001030449937 EED:241115   IND ID:896246463880                 IND NAME:BOSTON PSYCHOLOGICAL T                                                                                       1-800-304-9856 TRN: 3200449937TC",-20.62,ACH_DEBIT,53535.26,,
DEBIT,11/15/2024,"ORIG CO NAME:PAY PLUS               ORIG ID:5452579291 DESC DATE:241114 CO ENTRY DESCR:ACHTrans  SEC:CCD    TRACE#:101000698385484 EED:241115   IND ID:43793136                     IND NAME:Default debit account      FeeTransfer REF#43793136                                                          PPSACCOUNT TRN: 3208385484TC",-1.69,ACH_DEBIT,53555.88,,
DEBIT,11/15/2024,"ORIG CO NAME:AEGON USA              ORIG ID:1420947998 DESC DATE:SEP 05 CO ENTRY DESCR:CONTRIBUTESEC:CCD    TRACE#:091000018378179 EED:241115   IND ID:20241114922PJG               IND NAME:935014    00000            20241114922PJG4696945654377560028CO RP TRN: 3208378179TC",-1951.50,ACH_DEBIT,53557.57,,
DEBIT,11/15/2024,"ORIG CO NAME:AEGON USA              ORIG ID:1420947998 DESC DATE:SEP 05 CO ENTRY DESCR:CONTRIBUTESEC:CCD    TRACE#:091000018378169 EED:241115   IND ID:2024111492295J               IND NAME:935014    00000            2024111492295J4696945654377560028CO RP TRN: 3208378169TC",-2388.05,ACH_DEBIT,55509.07,,
CREDIT,11/15/2024,"ORIG CO NAME:HUMANA GOVT BUSI       ORIG ID:3611241225 DESC DATE:111324 CO ENTRY DESCR:HCCLAIMPMTSEC:CCD    TRACE#:111000026294627 EED:241115   IND ID:5000430550                   IND NAME:BOODAH INC                 TRN*1*5000430550*1611241225*WPSEAST   \ TRN: 3206294627TC",59.35,ACH_CREDIT,57897.12,,
CREDIT,11/15/2024,"ORIG CO NAME:UnitedHealthcare       ORIG ID:1111411289 DESC DATE:       CO ENTRY DESCR:HCCLAIMPMTSEC:CCD    TRACE#:124384878752182 EED:241115   IND ID:825169916                    IND NAME:Boodah Inc                 TRN*1*33451091*4112892425*000087726 \ TRN: 3208752182TC",137.70,ACH_CREDIT,57837.77,,
CREDIT,11/15/2024,"ORIG CO NAME:PAY PLUS               ORIG ID:6452579291 DESC DATE:241115 CO ENTRY DESCR:HCCLAIMPMTSEC:CCD    TRACE#:101000698384823 EED:241115   IND ID:825169916                    IND NAME:COLLEEN LONG GALLACCHI     TRN*1*574724638*1271502067\                                                       PPSACCOUNT TRN: 3208384823TC",152.30,ACH_CREDIT,57700.07,,
CREDIT,11/15/2024,"ORIG CO NAME:UNITED BEHAVIORA       ORIG ID:1805600001 DESC DATE:       CO ENTRY DESCR:HCCLAIMPMTSEC:CCD    TRACE#:124384878752323 EED:241115   IND ID:825169916                    IND NAME:Boodah Inc                 TRN*1*24317B1000017858*1411289245*0 00087726\ TRN: 3208752323TC",181.96,ACH_CREDIT,57547.77,,
CREDIT,11/15/2024,"ORIG CO NAME:HPHC INSURANCE         ORIG ID:2043149694 DESC DATE:241113 CO ENTRY DESCR:HCCLAIMPMTSEC:CCD    TRACE#:051000017334947 EED:241115   IND ID:                             IND NAME:BOODAH INC                 TRN*1*3007423391*1043149694*HPHC\ TRN: 3207334947TC",573.26,ACH_CREDIT,57365.81,,
CREDIT,11/15/2024,"ORIG CO NAME:WELLPOINT 05C          ORIG ID:0365BA293A DESC DATE:       CO ENTRY DESCR:HCCLAIMPMTSEC:CCD    TRACE#:111000026391132 EED:241115   IND ID:3256376020                   IND NAME:BOODAH  INC                TRN*1*3256376020*1520913817\                                                      EDI PAYMENT TRN: 3206391132TC",716.15,ACH_CREDIT,56792.55,,
CREDIT,11/15/2024,"ORIG CO NAME:HPHC EFT CLEARI        ORIG ID:8042452600 DESC DATE:241113 CO ENTRY DESCR:HCCLAIMPMTSEC:CCD    TRACE#:051000016183380 EED:241115   IND ID:                             IND NAME:BOODAH INC                 TRN*1*502331313*1042452600*HPHC\ TRN: 3206183380TC",5339.79,ACH_CREDIT,56076.40,,
DEBIT,11/14/2024,"ORIG CO NAME:CAPITAL ONE            ORIG ID:9279744391 DESC DATE:241114 CO ENTRY DESCR:ONLINE PMTSEC:CCD    TRACE#:021000023555537 EED:241114   IND ID:3YKCE8AF60RXO1S              IND NAME:COLLEEN GALLICCHIO TRN: 3193555537TC",-10000.00,ACH_DEBIT,50736.61,,
DEBIT,11/14/2024,"ORIG CO NAME:PAY PLUS               ORIG ID:5452579291 DESC DATE:241113 CO ENTRY DESCR:ACHTrans  SEC:CCD    TRACE#:101000691688373 EED:241114   IND ID:43570619                     IND NAME:Default debit account      FeeTransfer REF#43579574                                                          PPSACCOUNT TRN: 3191688373TC",-27.26,ACH_DEBIT,60736.61,,
DEBIT,11/14/2024,"ORIG CO NAME:IRS                    ORIG ID:3387702000 DESC DATE:111424 CO ENTRY DESCR:USATAXPYMTSEC:CCD    TRACE#:061036013140883 EED:241114   IND ID:227471966071856              IND NAME:BOODAH INC TRN: 3193140883TC",-9336.30,ACH_DEBIT,60763.87,,
CREDIT,11/14/2024,"ORIG CO NAME:PAY PLUS               ORIG ID:6452579291 DESC DATE:241114 CO ENTRY DESCR:HCCLAIMPMTSEC:CCD    TRACE#:101000691686749 EED:241114   IND ID:825169916                    IND NAME:COLLEEN LONG GALLACCHI     TRN*1*574244155*1042734278\                                                       PPSACCOUNT TRN: 3191686749TC",88.93,ACH_CREDIT,70100.17,,
CREDIT,11/14/2024,"ORIG CO NAME:UNITEDHEALTHCARE       ORIG ID:1411289245 DESC DATE:       CO ENTRY DESCR:HCCLAIMPMTSEC:CCD    TRACE#:124384873053141 EED:241114   IND ID:825169916                    IND NAME:Boodah Inc                 TRN*1*W303859445*1411289245*0000877 26\ TRN: 3193053141TC",1183.99,ACH_CREDIT,70011.24,,
CREDIT,11/14/2024,"ORIG CO NAME:BCBS OF MASS           ORIG ID:1041045815 DESC DATE:110824 CO ENTRY DESCR:HCCLAIMPMTSEC:CCD    TRACE#:091000011568131 EED:241114   IND ID:740892057                    IND NAME:70020000LMG471             TRN*1*740892057*1041045815\ TRN: 3191568131TC",1244.46,ACH_CREDIT,68827.25,,
CREDIT,11/14/2024,"ORIG CO NAME:BCBS OF MASS           ORIG ID:1041045815 DESC DATE:110824 CO ENTRY DESCR:HCCLAIMPMTSEC:CCD    TRACE#:091000011568139 EED:241114   IND ID:740909210                    IND NAME:70020000LMG471             TRN*1*740909210*1041045815\ TRN: 3191568139TC",10972.82,ACH_CREDIT,67582.79,,
DEBIT,11/13/2024,"ORIG CO NAME:PAYROLL                ORIG ID:1943345425 DESC DATE:241113 CO ENTRY DESCR:TAX       SEC:CCD    TRACE#:111000021758585 EED:241113   IND ID:9683333                      IND NAME:BOODAH INC- BOSTON PSY TRN: 3181758585TC",-188.58,ACH_DEBIT,56609.97,,
DEBIT,11/13/2024,"ORIG CO NAME:PAY PLUS               ORIG ID:5452579291 DESC DATE:241112 CO ENTRY DESCR:ACHTrans  SEC:CCD    TRACE#:101000696486482 EED:241113   IND ID:43442405                     IND NAME:Default debit account      FeeTransfer REF#43442405                                                          PPSACCOUNT TRN: 3186486482TC",-24.41,ACH_DEBIT,56798.55,,
CREDIT,11/13/2024,"ORIG CO NAME:HUMANA GOVT BUSI       ORIG ID:2610647538 DESC DATE:110824 CO ENTRY DESCR:HCCLAIMPMTSEC:CCD    TRACE#:111000025576414 EED:241113   IND ID:2237420279                   IND NAME:BOODAH INC                 TRN*1*2237420279*1611241225*WPSEAST   \ TRN: 3185576414TC",59.35,ACH_CREDIT,56822.96,,
CREDIT,11/13/2024,"ORIG CO NAME:CIGNA EDGE TRANS       ORIG ID:7026944582 DESC DATE:       CO ENTRY DESCR:HCCLAIMPMTSEC:CCD    TRACE#:242071756422629 EED:241113   IND ID:601901066686                 IND NAME:BOODAH INC                 TRN*1*601901066686*1591031071~                                                    HCCLAIMPMT TRN: 3186422629TC",83.00,ACH_CREDIT,56763.61,,
CREDIT,11/13/2024,"ORIG CO NAME:PAY PLUS               ORIG ID:6452579291 DESC DATE:241113 CO ENTRY DESCR:HCCLAIMPMTSEC:CCD    TRACE#:101000696485321 EED:241113   IND ID:825169916                    IND NAME:COLLEEN LONG GALLACCHI     TRN*1*572481065*1042734278\                                                       PPSACCOUNT TRN: 3186485321TC",149.98,ACH_CREDIT,56680.61,,
CREDIT,11/13/2024,"ORIG CO NAME:EASYPAY                ORIG ID:1340797057 DESC DATE:241112 CO ENTRY DESCR:INSTFUNDINSEC:CCD    TRACE#:041001037731546 EED:241113   IND ID:896246463880                 IND NAME:BOODAH INC TRN: 3187731546TC",564.33,ACH_CREDIT,56530.63,,
CREDIT,11/13/2024,"ORIG CO NAME:PAY PLUS               ORIG ID:6452579291 DESC DATE:241113 CO ENTRY DESCR:HCCLAIMPMTSEC:CCD    TRACE#:101000696485319 EED:241113   IND ID:825169916                    IND NAME:COLLEEN LONG GALLACCHI     TRN*1*573944971*1042734278\                                                       PPSACCOUNT TRN: 3186485319TC",1284.89,ACH_CREDIT,55966.30,,
CREDIT,11/13/2024,"ORIG CO NAME:Carelon Behav Z        ORIG ID:3043324848 DESC DATE:241108 CO ENTRY DESCR:HCCLAIMPMTSEC:CCD    TRACE#:011500125578035 EED:241113   IND ID:                             IND NAME:BOODAH INC                 TRN*1*7995351*1043324848\ TRN: 3185578035TC",1394.10,ACH_CREDIT,54681.41,,
DEBIT,11/12/2024,"ORIG CO NAME:KEY MERCHANT SVS       ORIG ID:2580215200 DESC DATE:241108 CO ENTRY DESCR:DISCOUNT  SEC:CCD    TRACE#:041001038252799 EED:241112   IND ID:896246463880                 IND NAME:BOSTON PSYCHOLOGICAL T                                                                                       1-800-304-9856 TRN: 3178252799TC",-0.45,ACH_DEBIT,53287.31,,
DEBIT,11/12/2024,"ORIG CO NAME:KEY MERCHANT SVS       ORIG ID:2580215200 DESC DATE:241111 CO ENTRY DESCR:DISCOUNT  SEC:CCD    TRACE#:041001038252801 EED:241112   IND ID:896246463880                 IND NAME:BOSTON PSYCHOLOGICAL T                                                                                       1-800-304-9856 TRN: 3178252801TC",-22.66,ACH_DEBIT,53287.76,,
DEBIT,11/12/2024,"ORIG CO NAME:PAYPAL                 ORIG ID:PAYPALSI77 DESC DATE:241111 CO ENTRY DESCR:INST XFER SEC:WEB    TRACE#:091000012929343 EED:241112   IND ID:SCRIBD.COM 6251              IND NAME:BOODAH  INC                                                                                                  INSTANT TRANSFER TRN: 3172929343TC",-11.99,MISC_DEBIT,53310.42,,
DEBIT,11/12/2024,"ORIG CO NAME:PAYPAL                 ORIG ID:PAYPALSI77 DESC DATE:241111 CO ENTRY DESCR:INST XFER SEC:WEB    TRACE#:091000010662210 EED:241112   IND ID:WALMARTPLUS                  IND NAME:BOODAH  INC                                                                                                  INSTANT TRANSFER TRN: 3170662210TC",-52.80,MISC_DEBIT,53322.41,,
DEBIT,11/12/2024,"ORIG CO NAME:THE HARTFORD           ORIG ID:9942902727 DESC DATE:       CO ENTRY DESCR:INSPMTCL  SEC:CCD    TRACE#:051000019306119 EED:241112   IND ID:15801127                     IND NAME:BOODAH INC                                                                                                   NWTBS CL SCIC ACH C TRN: 3179306119TC",-326.42,ACH_DEBIT,53375.21,,
CREDIT,11/12/2024,"ORIG CO NAME:EASYPAY                ORIG ID:1340797057 DESC DATE:241109 CO ENTRY DESCR:INSTFUNDINSEC:CCD    TRACE#:041001038252365 EED:241112   IND ID:896246463880                 IND NAME:BOODAH INC TRN: 3178252365TC",5.00,ACH_CREDIT,53701.63,,
CREDIT,11/12/2024,"ORIG CO NAME:CIGNA                  ORIG ID:9751677627 DESC DATE:110724 CO ENTRY DESCR:HCCLAIMPMTSEC:CCD    TRACE#:091000010342069 EED:241112   IND ID:825169916                    IND NAME:/BOODAH INC                TRN*1*241107090068915*1411648670\ TRN: 3170342069TC",119.70,ACH_CREDIT,53696.63,,
CREDIT,11/12/2024,"ORIG CO NAME:PAY PLUS               ORIG ID:6452579291 DESC DATE:241112 CO ENTRY DESCR:HCCLAIMPMTSEC:CCD    TRACE#:101000694893756 EED:241112   IND ID:825169916                    IND NAME:COLLEEN LONG GALLACCHI     TRN*1*572477842*1042734278\                                                       PPSACCOUNT TRN: 3174893756TC",1284.89,ACH_CREDIT,53576.93,,
CREDIT,11/12/2024,"ORIG CO NAME:EASYPAY                ORIG ID:1340797057 DESC DATE:241108 CO ENTRY DESCR:INSTFUNDINSEC:CCD    TRACE#:041001035898293 EED:241112   IND ID:896246463880                 IND NAME:BOODAH INC TRN: 3175898293TC",1594.35,ACH_CREDIT,52292.04,,
CREDIT,11/12/2024,"ORIG CO NAME:Carelon Behav Z        ORIG ID:2043324848 DESC DATE:241108 CO ENTRY DESCR:HCCLAIMPMTSEC:CCD    TRACE#:011500121787495 EED:241112   IND ID:                             IND NAME:BOODAH INC                 TRN*1*7992966*1043324848\ TRN: 3171787495TC",9673.00,ACH_CREDIT,50697.69,,
DEBIT,11/08/2024,"Zelle payment to Heather Rice Billing JPM99aqu2uaa",-435.00,CHASE_TO_PARTNERFI,41024.69,,
DEBIT,11/08/2024,"ORIG CO NAME:KEY MERCHANT SVS       ORIG ID:2580215200 DESC DATE:241107 CO ENTRY DESCR:DISCOUNT  SEC:CCD    TRACE#:041001034549486 EED:241108   IND ID:896246463880                 IND NAME:BOSTON PSYCHOLOGICAL T                                                                                       1-800-304-9856 TRN: 3134549486TC",-51.34,ACH_DEBIT,41459.69,,
DEBIT,11/08/2024,"ORIG CO NAME:VERIZON WIRELESS       ORIG ID:4223344794 DESC DATE:241108 CO ENTRY DESCR:PAYMENTS  SEC:PPD    TRACE#:021000022218032 EED:241108   IND ID:                             IND NAME:0000000027062339200001 TRN: 3132218032TC",-459.29,ACH_DEBIT,41511.03,,
DEBIT,11/08/2024,"ORIG CO NAME:PAYROLL                ORIG ID:4462800242 DESC DATE:241108 CO ENTRY DESCR:PAYROLL   SEC:CCD    TRACE#:111000025298483 EED:241108   IND ID:9683333                      IND NAME:BOODAH INC TRN: 3135298483TC",-53.00,ACH_DEBIT,41970.32,,
DEBIT,11/08/2024,"ORIG CO NAME:PAYROLL                ORIG ID:4462800242 DESC DATE:241108 CO ENTRY DESCR:PAYROLL   SEC:CCD    TRACE#:111000025298479 EED:241108   IND ID:9683333                      IND NAME:BOODAH INC TRN: 3135298479TC",-82.34,ACH_DEBIT,42023.32,,
DEBIT,11/08/2024,"ORIG CO NAME:PAYROLL                ORIG ID:4462800242 DESC DATE:241108 CO ENTRY DESCR:PAYROLL   SEC:CCD    TRACE#:111000025298485 EED:241108   IND ID:9683333                      IND NAME:BOODAH INC TRN: 3135298485TC",-111.00,ACH_DEBIT,42105.66,,
DEBIT,11/08/2024,"ORIG CO NAME:INTUIT 43464460        ORIG ID:4462800242 DESC DATE:241108 CO ENTRY DESCR:PAYROLL   SEC:CCD    TRACE#:111000025303114 EED:241108   IND ID:9683333                      IND NAME:BOODAH INC- BOSTON PSY TRN: 3135303114TC",-121.28,ACH_DEBIT,42216.66,,
DEBIT,11/08/2024,"ORIG CO NAME:INTUIT 43464460        ORIG ID:4462800242 DESC DATE:241108 CO ENTRY DESCR:PAYROLL   SEC:CCD    TRACE#:111000025303115 EED:241108   IND ID:9683333                      IND NAME:BOODAH INC- BOSTON PSY TRN: 3135303115TC",-187.76,ACH_DEBIT,42337.94,,
DEBIT,11/08/2024,"ORIG CO NAME:PAYROLL                ORIG ID:4462800242 DESC DATE:241108 CO ENTRY DESCR:PAYROLL   SEC:CCD    TRACE#:111000025298484 EED:241108   IND ID:9683333                      IND NAME:BOODAH INC TRN: 3135298484TC",-285.00,ACH_DEBIT,42525.70,,
DEBIT,11/08/2024,"ORIG CO NAME:PAYROLL                ORIG ID:4462800242 DESC DATE:241108 CO ENTRY DESCR:PAYROLL   SEC:CCD    TRACE#:111000025298478 EED:241108   IND ID:9683333                      IND NAME:BOODAH INC TRN: 3135298478TC",-383.40,ACH_DEBIT,42810.70,,
DEBIT,11/08/2024,"ORIG CO NAME:INTUIT 43923744        ORIG ID:4462800242 DESC DATE:241108 CO ENTRY DESCR:PAYROLL   SEC:CCD    TRACE#:111000025280408 EED:241108   IND ID:9683333                      IND NAME:BOODAH INC- BOSTON PSY TRN: 3135280408TC",-476.47,ACH_DEBIT,43194.10,,
DEBIT,11/08/2024,"ORIG CO NAME:INTUIT 43464460        ORIG ID:4462800242 DESC DATE:241108 CO ENTRY DESCR:PAYROLL   SEC:CCD    TRACE#:111000025303101 EED:241108   IND ID:9683333                      IND NAME:BOODAH INC- BOSTON PSY TRN: 3135303101TC",-564.17,ACH_DEBIT,43670.57,,
DEBIT,11/08/2024,"ORIG CO NAME:PAYROLL                ORIG ID:4462800242 DESC DATE:241108 CO ENTRY DESCR:PAYROLL   SEC:CCD    TRACE#:111000025298490 EED:241108   IND ID:9683333                      IND NAME:BOODAH INC TRN: 3135298490TC",-600.00,ACH_DEBIT,44234.74,,
DEBIT,11/08/2024,"ORIG CO NAME:PAYROLL                ORIG ID:4462800242 DESC DATE:241108 CO ENTRY DESCR:PAYROLL   SEC:CCD    TRACE#:111000025298486 EED:241108   IND ID:9683333                      IND NAME:BOODAH INC TRN: 3135298486TC",-705.00,ACH_DEBIT,44834.74,,
DEBIT,11/08/2024,"ORIG CO NAME:INTUIT 43464460        ORIG ID:4462800242 DESC DATE:241108 CO ENTRY DESCR:PAYROLL   SEC:CCD    TRACE#:111000025303105 EED:241108   IND ID:9683333                      IND NAME:BOODAH INC- BOSTON PSY TRN: 3135303105TC",-777.02,ACH_DEBIT,45539.74,,
DEBIT,11/08/2024,"ORIG CO NAME:PAYROLL                ORIG ID:4462800242 DESC DATE:241108 CO ENTRY DESCR:PAYROLL   SEC:CCD    TRACE#:111000025298476 EED:241108   IND ID:9683333                      IND NAME:BOODAH INC TRN: 3135298476TC",-918.00,ACH_DEBIT,46316.76,,
DEBIT,11/08/2024,"ORIG CO NAME:PAYROLL                ORIG ID:4462800242 DESC DATE:241108 CO ENTRY DESCR:PAYROLL   SEC:CCD    TRACE#:111000025298488 EED:241108   IND ID:9683333                      IND NAME:BOODAH INC TRN: 3135298488TC",-1003.13,ACH_DEBIT,47234.76,,
DEBIT,11/08/2024,"ORIG CO NAME:PAYROLL                ORIG ID:4462800242 DESC DATE:241108 CO ENTRY DESCR:PAYROLL   SEC:CCD    TRACE#:111000025298487 EED:241108   IND ID:9683333                      IND NAME:BOODAH INC TRN: 3135298487TC",-1023.35,ACH_DEBIT,48237.89,,
DEBIT,11/08/2024,"ORIG CO NAME:PAYROLL                ORIG ID:4462800242 DESC DATE:241108 CO ENTRY DESCR:PAYROLL   SEC:CCD    TRACE#:111000025298477 EED:241108   IND ID:9683333                      IND NAME:BOODAH INC TRN: 3135298477TC",-1100.00,ACH_DEBIT,49261.24,,
DEBIT,11/08/2024,"ORIG CO NAME:INTUIT 43923744        ORIG ID:4462800242 DESC DATE:241108 CO ENTRY DESCR:PAYROLL   SEC:CCD    TRACE#:111000025280409 EED:241108   IND ID:9683333                      IND NAME:BOODAH INC- BOSTON PSY TRN: 3135280409TC",-1111.75,ACH_DEBIT,50361.24,,
DEBIT,11/08/2024,"ORIG CO NAME:INTUIT 43923744        ORIG ID:4462800242 DESC DATE:241108 CO ENTRY DESCR:PAYROLL   SEC:CCD    TRACE#:111000025280406 EED:241108   IND ID:9683333                      IND NAME:BOODAH INC- BOSTON PSY TRN: 3135280406TC",-1120.13,ACH_DEBIT,51472.99,,
DEBIT,11/08/2024,"ORIG CO NAME:INTUIT 43464460        ORIG ID:4462800242 DESC DATE:241108 CO ENTRY DESCR:PAYROLL   SEC:CCD    TRACE#:111000025303113 EED:241108   IND ID:9683333                      IND NAME:BOODAH INC- BOSTON PSY TRN: 3135303113TC",-1410.63,ACH_DEBIT,52593.12,,
DEBIT,11/08/2024,"ORIG CO NAME:INTUIT 43464460        ORIG ID:4462800242 DESC DATE:241108 CO ENTRY DESCR:PAYROLL   SEC:CCD    TRACE#:111000025303104 EED:241108   IND ID:9683333                      IND NAME:BOODAH INC- BOSTON PSY TRN: 3135303104TC",-1486.32,ACH_DEBIT,54003.75,,
DEBIT,11/08/2024,"ORIG CO NAME:PAYROLL                ORIG ID:4462800242 DESC DATE:241108 CO ENTRY DESCR:PAYROLL   SEC:CCD    TRACE#:111000025298489 EED:241108   IND ID:9683333                      IND NAME:BOODAH INC TRN: 3135298489TC",-1500.38,ACH_DEBIT,55490.07,,
DEBIT,11/08/2024,"ORIG CO NAME:INTUIT 43464460        ORIG ID:4462800242 DESC DATE:241108 CO ENTRY DESCR:PAYROLL   SEC:CCD    TRACE#:111000025303106 EED:241108   IND ID:9683333                      IND NAME:BOODAH INC- BOSTON PSY TRN: 3135303106TC",-1578.71,ACH_DEBIT,56990.45,,
DEBIT,11/08/2024,"ORIG CO NAME:INTUIT 43464460        ORIG ID:4462800242 DESC DATE:241108 CO ENTRY DESCR:PAYROLL   SEC:CCD    TRACE#:111000025303111 EED:241108   IND ID:9683333                      IND NAME:BOODAH INC- BOSTON PSY TRN: 3135303111TC",-1612.50,ACH_DEBIT,58569.16,,
DEBIT,11/08/2024,"ORIG CO NAME:PAYROLL                ORIG ID:4462800242 DESC DATE:241108 CO ENTRY DESCR:PAYROLL   SEC:CCD    TRACE#:111000025298481 EED:241108   IND ID:9683333                      IND NAME:BOODAH INC TRN: 3135298481TC",-1656.00,ACH_DEBIT,60181.66,,
DEBIT,11/08/2024,"ORIG CO NAME:INTUIT 43464460        ORIG ID:4462800242 DESC DATE:241108 CO ENTRY DESCR:PAYROLL   SEC:CCD    TRACE#:111000025303107 EED:241108   IND ID:9683333                      IND NAME:BOODAH INC- BOSTON PSY TRN: 3135303107TC",-1678.01,ACH_DEBIT,61837.66,,
DEBIT,11/08/2024,"ORIG CO NAME:INTUIT 43464460        ORIG ID:4462800242 DESC DATE:241108 CO ENTRY DESCR:PAYROLL   SEC:CCD    TRACE#:111000025303108 EED:241108   IND ID:9683333                      IND NAME:BOODAH INC- BOSTON PSY TRN: 3135303108TC",-1868.18,ACH_DEBIT,63515.67,,
DEBIT,11/08/2024,"ORIG CO NAME:INTUIT 43464460        ORIG ID:4462800242 DESC DATE:241108 CO ENTRY DESCR:PAYROLL   SEC:CCD    TRACE#:111000025303109 EED:241108   IND ID:9683333                      IND NAME:BOODAH INC- BOSTON PSY TRN: 3135303109TC",-1970.47,ACH_DEBIT,65383.85,,
DEBIT,11/08/2024,"ORIG CO NAME:PAYROLL                ORIG ID:4462800242 DESC DATE:241108 CO ENTRY DESCR:PAYROLL   SEC:CCD    TRACE#:111000025298482 EED:241108   IND ID:9683333                      IND NAME:BOODAH INC TRN: 3135298482TC",-2179.89,ACH_DEBIT,67354.32,,
DEBIT,11/08/2024,"ORIG CO NAME:INTUIT 43464460        ORIG ID:4462800242 DESC DATE:241108 CO ENTRY DESCR:PAYROLL   SEC:CCD    TRACE#:111000025303110 EED:241108   IND ID:9683333                      IND NAME:BOODAH INC- BOSTON PSY TRN: 3135303110TC",-2266.28,ACH_DEBIT,69534.21,,
DEBIT,11/08/2024,"ORIG CO NAME:INTUIT 43464460        ORIG ID:4462800242 DESC DATE:241108 CO ENTRY DESCR:PAYROLL   SEC:CCD    TRACE#:111000025303102 EED:241108   IND ID:9683333                      IND NAME:BOODAH INC- BOSTON PSY TRN: 3135303102TC",-2353.69,ACH_DEBIT,71800.49,,
DEBIT,11/08/2024,"ORIG CO NAME:INTUIT 43923744        ORIG ID:4462800242 DESC DATE:241108 CO ENTRY DESCR:PAYROLL   SEC:CCD    TRACE#:111000025280407 EED:241108   IND ID:9683333                      IND NAME:BOODAH INC- BOSTON PSY TRN: 3135280407TC",-2373.43,ACH_DEBIT,74154.18,,
DEBIT,11/08/2024,"ORIG CO NAME:PAYROLL                ORIG ID:4462800242 DESC DATE:241108 CO ENTRY DESCR:PAYROLL   SEC:CCD    TRACE#:111000025298480 EED:241108   IND ID:9683333                      IND NAME:BOODAH INC TRN: 3135298480TC",-2668.75,ACH_DEBIT,76527.61,,
DEBIT,11/08/2024,"ORIG CO NAME:INTUIT 43464460        ORIG ID:4462800242 DESC DATE:241108 CO ENTRY DESCR:PAYROLL   SEC:CCD    TRACE#:111000025303103 EED:241108   IND ID:9683333                      IND NAME:BOODAH INC- BOSTON PSY TRN: 3135303103TC",-3341.78,ACH_DEBIT,79196.36,,
DEBIT,11/08/2024,"ORIG CO NAME:INTUIT 43464460        ORIG ID:4462800242 DESC DATE:241108 CO ENTRY DESCR:PAYROLL   SEC:CCD    TRACE#:111000025303112 EED:241108   IND ID:9683333                      IND NAME:BOODAH INC- BOSTON PSY TRN: 3135303112TC",-3909.88,ACH_DEBIT,82538.14,,
CREDIT,11/08/2024,"ORIG CO NAME:WELLPOINT 05C          ORIG ID:0365BA293A DESC DATE:       CO ENTRY DESCR:HCCLAIMPMTSEC:CCD    TRACE#:111000027012002 EED:241108   IND ID:3255726241                   IND NAME:BOODAH  INC                TRN*1*3255726241*1520913817\                                                      EDI PAYMENT TRN: 3137012002TC",67.22,ACH_CREDIT,86448.02,,
CREDIT,11/08/2024,"ORIG CO NAME:UNITED BEHAVIORA       ORIG ID:1805600001 DESC DATE:       CO ENTRY DESCR:HCCLAIMPMTSEC:CCD    TRACE#:124384875596316 EED:241108   IND ID:825169916                    IND NAME:Boodah Inc                 TRN*1*24310B1000024334*1411289245*0 00087726\ TRN: 3135596316TC",138.26,ACH_CREDIT,86380.80,,
CREDIT,11/08/2024,"ORIG CO NAME:CIGNA                  ORIG ID:9751677627 DESC DATE:110524 CO ENTRY DESCR:HCCLAIMPMTSEC:CCD    TRACE#:091000018031659 EED:241108   IND ID:825169916                    IND NAME:/BOODAH INC                TRN*1*241105090055800*1411648670\ TRN: 3138031659TC",165.00,ACH_CREDIT,86242.54,,
CREDIT,11/08/2024,"ORIG CO NAME:HUMANA GOVT BUSI       ORIG ID:3611241225 DESC DATE:110624 CO ENTRY DESCR:HCCLAIMPMTSEC:CCD    TRACE#:111000027680756 EED:241108   IND ID:5000373524                   IND NAME:BOODAH INC                 TRN*1*5000373524*1611241225*WPSEAST   \ TRN: 3137680756TC",176.09,ACH_CREDIT,86077.54,,
CREDIT,11/08/2024,"ORIG CO NAME:UNITED BEHAVIORA       ORIG ID:1805600001 DESC DATE:       CO ENTRY DESCR:HCCLAIMPMTSEC:CCD    TRACE#:124384875596322 EED:241108   IND ID:825169916                    IND NAME:Boodah Inc                 TRN*1*24310B1000021416*1411289245*0 00087726\ TRN: 3135596322TC",268.66,ACH_CREDIT,85901.45,,
CREDIT,11/08/2024,"ORIG CO NAME:EASYPAY                ORIG ID:1340797057 DESC DATE:241107 CO ENTRY DESCR:INSTFUNDINSEC:CCD    TRACE#:041001033852407 EED:241108   IND ID:896246463880                 IND NAME:BOODAH INC TRN: 3133852407TC",1811.84,ACH_CREDIT,85632.79,,
CREDIT,11/08/2024,"ORIG CO NAME:TUFTS ASSOCIATED       ORIG ID:4800721489 DESC DATE:241105 CO ENTRY DESCR:HCCLAIMPMTSEC:CCD    TRACE#:111000027040744 EED:241108   IND ID:                             IND NAME:BOODAH INC                 TRN*1*71129545*1042674079\ TRN: 3137040744TC",2092.80,ACH_CREDIT,83820.95,,
CREDIT,11/08/2024,"ORIG CO NAME:HPHC EFT CLEARI        ORIG ID:8042452600 DESC DATE:241106 CO ENTRY DESCR:HCCLAIMPMTSEC:CCD    TRACE#:051000017985433 EED:241108   IND ID:                             IND NAME:BOODAH INC                 TRN*1*502323091*1042452600*HPHC\ TRN: 3137985433TC",2840.40,ACH_CREDIT,81728.15,,
DEBIT,11/07/2024,"ORIG CO NAME:KEY MERCHANT SVS       ORIG ID:2580215200 DESC DATE:241106 CO ENTRY DESCR:DISCOUNT  SEC:CCD    TRACE#:041001039849596 EED:241107   IND ID:896246463880                 IND NAME:BOSTON PSYCHOLOGICAL T                                                                                       1-800-304-9856 TRN: 3129849596TC",-53.14,ACH_DEBIT,78887.75,,
DEBIT,11/07/2024,"ORIG CO NAME:PAYROLL                ORIG ID:1943345425 DESC DATE:241107 CO ENTRY DESCR:TAX       SEC:CCD    TRACE#:111000026654842 EED:241107   IND ID:9683333                      IND NAME:BOODAH INC- BOSTON PSY TRN: 3126654842TC",-2856.97,ACH_DEBIT,78940.89,,
DEBIT,11/07/2024,"ORIG CO NAME:PAY PLUS               ORIG ID:5452579291 DESC DATE:241106 CO ENTRY DESCR:ACHTrans  SEC:CCD    TRACE#:101000696595108 EED:241107   IND ID:42778111                     IND NAME:Default debit account      FeeTransfer REF#42778111                                                          PPSACCOUNT TRN: 3126595108TC",-2.66,ACH_DEBIT,81797.86,,
CREDIT,11/07/2024,"ORIG CO NAME:UNITED BEHAVIORA       ORIG ID:1805600001 DESC DATE:       CO ENTRY DESCR:HCCLAIMPMTSEC:CCD    TRACE#:124384870041125 EED:241107   IND ID:825169916                    IND NAME:Boodah Inc                 TRN*1*24307B1000017983*1411289245*0 00087726\ TRN: 3120041125TC",105.01,ACH_CREDIT,81800.52,,
CREDIT,11/07/2024,"ORIG CO NAME:UNITED BEHAVIORA       ORIG ID:1805600001 DESC DATE:       CO ENTRY DESCR:HCCLAIMPMTSEC:CCD    TRACE#:124384870041413 EED:241107   IND ID:825169916                    IND NAME:Boodah Inc                 TRN*1*24307B1000016076*1411289245*0 00087726\ TRN: 3120041413TC",144.42,ACH_CREDIT,81695.51,,
CREDIT,11/07/2024,"ORIG CO NAME:AETNA A04              ORIG ID:1066033492 DESC DATE:       CO ENTRY DESCR:HCCLAIMPMTSEC:CCD    TRACE#:031100200101375 EED:241107   IND ID:1104390525                   IND NAME:BOODAH INC                 TRN*1*824309000298114*1066033492\ TRN: 3120101375TC",177.17,ACH_CREDIT,81551.09,,
CREDIT,11/07/2024,"ORIG CO NAME:Carelon Behav Z        ORIG ID:2043324848 DESC DATE:241106 CO ENTRY DESCR:HCCLAIMPMTSEC:CCD    TRACE#:011500126574360 EED:241107   IND ID:                             IND NAME:BOODAH INC                 TRN*1*7990863*1043324848\ TRN: 3126574360TC",396.70,ACH_CREDIT,81373.92,,
CREDIT,11/07/2024,"ORIG CO NAME:HUMANA GOVT BUSI       ORIG ID:2610647538 DESC DATE:110524 CO ENTRY DESCR:HCCLAIMPMTSEC:CCD    TRACE#:111000020141273 EED:241107   IND ID:2237331691                   IND NAME:BOODAH INC                 TRN*1*2237331691*1611241225*WPSEAST   \ TRN: 3120141273TC",454.81,ACH_CREDIT,80977.22,,
CREDIT,11/07/2024,"ORIG CO NAME:AETNA AS01             ORIG ID:1066033492 DESC DATE:       CO ENTRY DESCR:HCCLAIMPMTSEC:CCD    TRACE#:051000010060580 EED:241107   IND ID:1104390525                   IND NAME:BOODAH INC                 TRN*1*824309000298115*1066033492\ TRN: 3120060580TC",2259.94,ACH_CREDIT,80522.41,,
CREDIT,11/07/2024,"ORIG CO NAME:MBHP Behav Z Val       ORIG ID:1043307857 DESC DATE:241105 CO ENTRY DESCR:HCCLAIMPMTSEC:CCD    TRACE#:111000020081631 EED:241107   IND ID:                             IND NAME:BOODAH INC                 TRN*1*0002171601*1541414194\ TRN: 3120081631TC",2584.59,ACH_CREDIT,78262.47,,
CREDIT,11/07/2024,"Online Transfer from BRC ...4002 transaction#: 22640459744",25000.00,MISC_CREDIT,75677.88,,
DEBIT,11/06/2024,"ORIG CO NAME:PAY PLUS               ORIG ID:5452579291 DESC DATE:241105 CO ENTRY DESCR:ACHTrans  SEC:CCD    TRACE#:101000699987571 EED:241106   IND ID:42654177                     IND NAME:Default debit account      FeeTransfer REF#42654177                                                          PPSACCOUNT TRN: 3119987571TC",-5.07,ACH_DEBIT,50677.88,,
DEBIT,11/06/2024,"ORIG CO NAME:EVERSOURCE             ORIG ID:1202042013 DESC DATE:NOV 24 CO ENTRY DESCR:WEB_PAY   SEC:WEB    TRACE#:111000023868909 EED:241106   IND ID:64355531101624               IND NAME:COLLEEN GALLICCHIO TRN: 3113868909TC",-21.00,ACH_DEBIT,50682.95,,
DEBIT,11/06/2024,"ORIG CO NAME:IRS                    ORIG ID:3387702000 DESC DATE:110624 CO ENTRY DESCR:USATAXPYMTSEC:CCD    TRACE#:061036013745417 EED:241106   IND ID:227471166098022              IND NAME:BOODAH INC TRN: 3113745417TC",-851.59,ACH_DEBIT,50703.95,,
CREDIT,11/06/2024,"ORIG CO NAME:HUMANA GOVT BUSI       ORIG ID:3611241225 DESC DATE:110424 CO ENTRY DESCR:HCCLAIMPMTSEC:CCD    TRACE#:111000024386861 EED:241106   IND ID:5000342375                   IND NAME:BOODAH INC                 TRN*1*5000342375*1611241225*WPSEAST   \ TRN: 3114386861TC",59.35,ACH_CREDIT,51555.54,,
CREDIT,11/06/2024,"ORIG CO NAME:PAY PLUS               ORIG ID:6452579291 DESC DATE:241106 CO ENTRY DESCR:HCCLAIMPMTSEC:CCD    TRACE#:101000699986759 EED:241106   IND ID:825169916                    IND NAME:COLLEEN LONG GALLACCHI     TRN*1*569820814*1042734278\                                                       PPSACCOUNT TRN: 3119986759TC",139.98,ACH_CREDIT,51496.19,,
CREDIT,11/06/2024,"ORIG CO NAME:UNITED BEHAVIORA       ORIG ID:1805600001 DESC DATE:       CO ENTRY DESCR:HCCLAIMPMTSEC:CCD    TRACE#:124384873785801 EED:241106   IND ID:825169916                    IND NAME:Boodah Inc                 TRN*1*24306B1000013804*1411289245*0 00087726\ TRN: 3113785801TC",140.28,ACH_CREDIT,51356.21,,
CREDIT,11/06/2024,"ORIG CO NAME:HUMANA GOVT BUSI       ORIG ID:2610647538 DESC DATE:110424 CO ENTRY DESCR:HCCLAIMPMTSEC:CCD    TRACE#:111000024385365 EED:241106   IND ID:2237279280                   IND NAME:BOODAH INC                 TRN*1*2237279280*1611241225*WPSEAST   \ TRN: 3114385365TC",158.28,ACH_CREDIT,51215.93,,
CREDIT,11/06/2024,"ORIG CO NAME:BCBS OF MASS           ORIG ID:1041045815 DESC DATE:110124 CO ENTRY DESCR:HCCLAIMPMTSEC:CCD    TRACE#:091000014472548 EED:241106   IND ID:740854575                    IND NAME:70020000LMG471             TRN*1*740854575*1041045815\ TRN: 3114472548TC",5691.59,ACH_CREDIT,51057.65,,
DEBIT,11/05/2024,"ORIG CO NAME:CAPITAL ONE            ORIG ID:9279744391 DESC DATE:241105 CO ENTRY DESCR:ONLINE PMTSEC:CCD    TRACE#:021000020057528 EED:241105   IND ID:3YIGOF9EW1OFNY8              IND NAME:COLLEEN GALLICCHIO TRN: 3100057528TC",-11274.43,ACH_DEBIT,45366.06,,
DEBIT,11/05/2024,"ORIG CO NAME:PAY PLUS               ORIG ID:5452579291 DESC DATE:241104 CO ENTRY DESCR:ACHTrans  SEC:CCD    TRACE#:101000699658067 EED:241105   IND ID:42450178                     IND NAME:Default debit account      FeeTransfer REF#42450178                                                          PPSACCOUNT TRN: 3109658067TC",-4.05,ACH_DEBIT,56640.49,,
DEBIT,11/05/2024,"ORIG CO NAME:EVERSOURCE             ORIG ID:1202042013 DESC DATE:NOV 24 CO ENTRY DESCR:WEB_PAY   SEC:WEB    TRACE#:111000028738603 EED:241105   IND ID:64344614101624               IND NAME:COLLEEN GALLICCHIO TRN: 3108738603TC",-71.63,ACH_DEBIT,56644.54,,
CREDIT,11/05/2024,"ORIG CO NAME:PAY PLUS               ORIG ID:6452579291 DESC DATE:241105 CO ENTRY DESCR:HCCLAIMPMTSEC:CCD    TRACE#:101000699657698 EED:241105   IND ID:825169916                    IND NAME:COLLEEN LONG GALLACCHI     TRN*1*569589686*1042734278\                                                       PPSACCOUNT TRN: 3109657698TC",266.79,ACH_CREDIT,56716.17,,
CREDIT,11/05/2024,"ORIG CO NAME:Carelon Behav Z        ORIG ID:3043324848 DESC DATE:241101 CO ENTRY DESCR:HCCLAIMPMTSEC:CCD    TRACE#:011500125253100 EED:241105   IND ID:                             IND NAME:BOODAH INC                 TRN*1*7986853*1043324848\ TRN: 3105253100TC",512.34,ACH_CREDIT,56449.38,,
CREDIT,11/05/2024,"ORIG CO NAME:MBHP Behav Z Val       ORIG ID:1043307857 DESC DATE:241101 CO ENTRY DESCR:HCCLAIMPMTSEC:CCD    TRACE#:111000025258438 EED:241105   IND ID:                             IND NAME:BOODAH INC                 TRN*1*0002170869*1541414194\ TRN: 3105258438TC",779.29,ACH_CREDIT,55937.04,,
CREDIT,11/05/2024,"ORIG CO NAME:Carelon Behav Z        ORIG ID:2043324848 DESC DATE:241101 CO ENTRY DESCR:HCCLAIMPMTSEC:CCD    TRACE#:011500120177540 EED:241105   IND ID:                             IND NAME:BOODAH INC                 TRN*1*7984094*1043324848\ TRN: 3100177540TC",3581.15,ACH_CREDIT,55157.75,,
DEBIT,11/04/2024,"ORIG CO NAME:KEY MERCHANT SVS       ORIG ID:2580215200 DESC DATE:241101 CO ENTRY DESCR:DISCOUNT  SEC:CCD    TRACE#:041001037785680 EED:241104   IND ID:896246463880                 IND NAME:BOSTON PSYCHOLOGICAL T                                                                                       1-800-304-9856 TRN: 3097785680TC",-1.48,ACH_DEBIT,51576.60,,
DEBIT,11/04/2024,"ORIG CO NAME:KEY MERCHANT SVS       ORIG ID:2580215200 DESC DATE:241102 CO ENTRY DESCR:FEE       SEC:CCD    TRACE#:041001037785675 EED:241104   IND ID:896246463880                 IND NAME:BOSTON PSYCHOLOGICAL T                                                                                       1-800-304-9856 TRN: 3097785675TC",-37.00,ACH_DEBIT,51578.08,,
DEBIT,11/04/2024,"ORIG CO NAME:Qualifacts Syste       ORIG ID:0000512692 DESC DATE:       CO ENTRY DESCR:VSP*QualifSEC:CCD    TRACE#:096016931772468 EED:241104   IND ID:14057464                     IND NAME:Colleen Gallicchio                                                                                           6153866755 TRN: 3091772468TC",-435.48,ACH_DEBIT,51615.08,,
DEBIT,11/04/2024,"ORIG CO NAME:Qualifacts Syste       ORIG ID:0000512692 DESC DATE:       CO ENTRY DESCR:VSP*QualifSEC:CCD    TRACE#:096016931772469 EED:241104   IND ID:14057308                     IND NAME:Colleen Gallicchio                                                                                           6153866755 TRN: 3091772469TC",-1382.23,ACH_DEBIT,52050.56,,
DEBIT,11/04/2024,"ORIG CO NAME:Innago LLC             ORIG ID:945440567  DESC DATE:       CO ENTRY DESCR:Innago LLCSEC:WEB    TRACE#:273976366196150 EED:241104   IND ID:      IMP8POGRP              IND NAME:Colleen Long TRN: 3096196150TC",-730.00,ACH_DEBIT,53432.79,,
DEBIT,11/04/2024,"ORIG CO NAME:INTUIT 43466726        ORIG ID:4462800242 DESC DATE:241104 CO ENTRY DESCR:PAYROLL   SEC:CCD    TRACE#:111000026104853 EED:241104   IND ID:9683333                      IND NAME:BOODAH INC- BOSTON PSY TRN: 3096104853TC",-893.77,ACH_DEBIT,54162.79,,
DEBIT,11/04/2024,"ORIG CO NAME:Innago LLC             ORIG ID:945440567  DESC DATE:       CO ENTRY DESCR:Innago LLCSEC:WEB    TRACE#:273976366196149 EED:241104   IND ID:      IE2G2BKME              IND NAME:Colleen Long TRN: 3096196149TC",-902.00,ACH_DEBIT,55056.56,,
DEBIT,11/04/2024,"ORIG CO NAME:INTUIT 43467054        ORIG ID:4462800242 DESC DATE:241104 CO ENTRY DESCR:PAYROLL   SEC:CCD    TRACE#:111000026108420 EED:241104   IND ID:9683333                      IND NAME:BOODAH INC- BOSTON PSY TRN: 3096108420TC",-1283.10,ACH_DEBIT,55958.56,,
CREDIT,11/04/2024,"ORIG CO NAME:EASYPAY                ORIG ID:1340797057 DESC DATE:241101 CO ENTRY DESCR:INSTFUNDINSEC:CCD    TRACE#:041001037390505 EED:241104   IND ID:896246463880                 IND NAME:BOODAH INC TRN: 3097390505TC",35.00,ACH_CREDIT,57241.66,,
CREDIT,11/04/2024,"ORIG CO NAME:EASYPAY                ORIG ID:1340797057 DESC DATE:241102 CO ENTRY DESCR:INSTFUNDINSEC:CCD    TRACE#:041001037785638 EED:241104   IND ID:896246463880                 IND NAME:BOODAH INC TRN: 3097785638TC",40.61,ACH_CREDIT,57206.66,,
CREDIT,11/04/2024,"ORIG CO NAME:HUMANA GOVT BUSI       ORIG ID:2610647538 DESC DATE:103124 CO ENTRY DESCR:HCCLAIMPMTSEC:CCD    TRACE#:111000022996623 EED:241104   IND ID:2237211903                   IND NAME:BOODAH INC                 TRN*1*2237211903*1611241225*WPSEAST   \ TRN: 3092996623TC",79.14,ACH_CREDIT,57166.05,,
CREDIT,11/04/2024,"ORIG CO NAME:CIGNA                  ORIG ID:9751677627 DESC DATE:103124 CO ENTRY DESCR:HCCLAIMPMTSEC:CCD    TRACE#:091000012089375 EED:241104   IND ID:825169916                    IND NAME:/BOODAH INC                TRN*1*241031090068313*1591031071\ TRN: 3092089375TC",123.00,ACH_CREDIT,57086.91,,
CREDIT,11/04/2024,"ORIG CO NAME:NGS, INC.              ORIG ID:I351840597 DESC DATE:241030 CO ENTRY DESCR:HCCLAIMPMTSEC:CCD    TRACE#:042000012996735 EED:241104   IND ID:1104390525                   IND NAME:BOODAH, INC                TRN*1*896023533*1351840597~                                                       MEDICARE B OF NE TRN: 3092996735TC",138.05,ACH_CREDIT,56963.91,,
CREDIT,11/04/2024,"ORIG CO NAME:CIGNA                  ORIG ID:9751677627 DESC DATE:103124 CO ENTRY DESCR:HCCLAIMPMTSEC:CCD    TRACE#:091000012089373 EED:241104   IND ID:825169916                    IND NAME:/BOODAH INC                TRN*1*241031090068312*1411648670\ TRN: 3092089373TC",195.40,ACH_CREDIT,56825.86,,
CREDIT,11/04/2024,"ORIG CO NAME:PAY PLUS               ORIG ID:6452579291 DESC DATE:241104 CO ENTRY DESCR:HCCLAIMPMTSEC:CCD    TRACE#:101000697001419 EED:241104   IND ID:825169916                    IND NAME:COLLEEN LONG GALLACCHI     TRN*1*567292990*1042734278\                                                       PPSACCOUNT TRN: 3097001419TC",213.31,ACH_CREDIT,56630.46,,
DEBIT,11/01/2024,"Online Payment 22580115502 To BRC 4002 11/01",-1025.00,LOAN_PMT,56417.15,,
DEBIT,11/01/2024,"ORIG CO NAME:KEY MERCHANT SVS       ORIG ID:2580215200 DESC DATE:241031 CO ENTRY DESCR:DISCOUNT  SEC:CCD    TRACE#:041001036147453 EED:241101   IND ID:896246463880                 IND NAME:BOSTON PSYCHOLOGICAL T                                                                                       1-800-304-9856 TRN: 3066147453TC",-1.32,ACH_DEBIT,57442.15,,
CREDIT,11/01/2024,"ORIG CO NAME:HUMANA GOVT BUSI       ORIG ID:3611241225 DESC DATE:103024 CO ENTRY DESCR:HCCLAIMPMTSEC:CCD    TRACE#:111000020398370 EED:241101   IND ID:5000300123                   IND NAME:BOODAH INC                 TRN*1*5000300123*1611241225*WPSEAST   \ TRN: 3060398370TC",59.35,ACH_CREDIT,57443.47,,
CREDIT,11/01/2024,"ORIG CO NAME:CIGNA                  ORIG ID:9751677627 DESC DATE:102924 CO ENTRY DESCR:HCCLAIMPMTSEC:CCD    TRACE#:091000012336120 EED:241101   IND ID:825169916                    IND NAME:/BOODAH INC                TRN*1*241029090054313*1411648670\ TRN: 3062336120TC",72.00,ACH_CREDIT,57384.12,,
CREDIT,11/01/2024,"ORIG CO NAME:UNITED BEHAVIORA       ORIG ID:1805600001 DESC DATE:       CO ENTRY DESCR:HCCLAIMPMTSEC:CCD    TRACE#:124384873730180 EED:241101   IND ID:825169916                    IND NAME:Boodah Inc                 TRN*1*24303B1000028440*1411289245*0 00087726\ TRN: 3063730180TC",138.26,ACH_CREDIT,57312.12,,
CREDIT,11/01/2024,"ORIG CO NAME:UNITED BEHAVIORA       ORIG ID:1805600001 DESC DATE:       CO ENTRY DESCR:HCCLAIMPMTSEC:CCD    TRACE#:124384873730042 EED:241101   IND ID:825169916                    IND NAME:Boodah Inc                 TRN*1*24303B1000028587*1411289245*0 00087726\ TRN: 3063730042TC",140.28,ACH_CREDIT,57173.86,,
CREDIT,11/01/2024,"ORIG CO NAME:CIGNA EDGE TRANS       ORIG ID:7026944582 DESC DATE:       CO ENTRY DESCR:HCCLAIMPMTSEC:CCD    TRACE#:242071752956617 EED:241101   IND ID:602600963700                 IND NAME:BOODAH INC                 TRN*1*602600963700*1591031071~                                                    HCCLAIMPMT TRN: 3062956617TC",154.94,ACH_CREDIT,57033.58,,
CREDIT,11/01/2024,"ORIG CO NAME:HPHC INSURANCE         ORIG ID:2043149694 DESC DATE:241030 CO ENTRY DESCR:HCCLAIMPMTSEC:CCD    TRACE#:051000011628197 EED:241101   IND ID:                             IND NAME:BOODAH INC                 TRN*1*3007409387*1043149694*HPHC\ TRN: 3061628197TC",159.98,ACH_CREDIT,56878.64,,
CREDIT,11/01/2024,"ORIG CO NAME:UNITED BEHAVIORA       ORIG ID:1805600001 DESC DATE:       CO ENTRY DESCR:HCCLAIMPMTSEC:CCD    TRACE#:124384873729382 EED:241101   IND ID:825169916                    IND NAME:Boodah Inc                 TRN*1*24303B1000025351*1411289245*0 00087726\ TRN: 3063729382TC",278.66,ACH_CREDIT,56718.66,,
CREDIT,11/01/2024,"ORIG CO NAME:EASYPAY                ORIG ID:1340797057 DESC DATE:241031 CO ENTRY DESCR:INSTFUNDINSEC:CCD    TRACE#:041001035700272 EED:241101   IND ID:896246463880                 IND NAME:BOODAH INC TRN: 3065700272TC",786.38,ACH_CREDIT,56440.00,,
CREDIT,11/01/2024,"ORIG CO NAME:UNITED BEHAVIORA       ORIG ID:1805600001 DESC DATE:       CO ENTRY DESCR:HCCLAIMPMTSEC:CCD    TRACE#:124384873730146 EED:241101   IND ID:825169916                    IND NAME:Boodah Inc                 TRN*1*24303B1000048644*1411289245*0 00087726\ TRN: 3063730146TC",1183.99,ACH_CREDIT,55653.62,,
CREDIT,11/01/2024,"ORIG CO NAME:UNITED BEHAVIORA       ORIG ID:1805600001 DESC DATE:       CO ENTRY DESCR:HCCLAIMPMTSEC:CCD    TRACE#:124384873729558 EED:241101   IND ID:825169916                    IND NAME:Boodah Inc                 TRN*1*24303B1000028337*1411289245*0 00087726\ TRN: 3063729558TC",1343.11,ACH_CREDIT,54469.63,,
CREDIT,11/01/2024,"ORIG CO NAME:CIGNA                  ORIG ID:9751677627 DESC DATE:102924 CO ENTRY DESCR:HCCLAIMPMTSEC:CCD    TRACE#:091000012336122 EED:241101   IND ID:825169916                    IND NAME:/BOODAH INC                TRN*1*241029090054314*1591031071\ TRN: 3062336122TC",1800.00,ACH_CREDIT,53126.52,,
CREDIT,11/01/2024,"ORIG CO NAME:WELLPOINT 05C          ORIG ID:0365BA293A DESC DATE:       CO ENTRY DESCR:HCCLAIMPMTSEC:CCD    TRACE#:111000020863681 EED:241101   IND ID:3255150640                   IND NAME:BOODAH  INC                TRN*1*3255150640*1520913817\                                                      EDI PAYMENT TRN: 3060863681TC",3178.09,ACH_CREDIT,51326.52,,
CREDIT,11/01/2024,"ORIG CO NAME:TUFTS ASSOCIATED       ORIG ID:4800721489 DESC DATE:241029 CO ENTRY DESCR:HCCLAIMPMTSEC:CCD    TRACE#:111000020894131 EED:241101   IND ID:                             IND NAME:BOODAH INC                 TRN*1*71125917*1042674079\ TRN: 3060894131TC",4939.55,ACH_CREDIT,48148.43,,
CREDIT,11/01/2024,"ORIG CO NAME:HPHC EFT CLEARI        ORIG ID:8042452600 DESC DATE:241030 CO ENTRY DESCR:HCCLAIMPMTSEC:CCD    TRACE#:051000011627858 EED:241101   IND ID:                             IND NAME:BOODAH INC                 TRN*1*502315683*1042452600*HPHC\ TRN: 3061627858TC",5435.18,ACH_CREDIT,43208.88,,
